3300 5950
357 784 405 837 AD
424 782 553 838 VERUM
570 780 691 835 ΙΜΡΕΒ.
710 780 900 835 AURELIUM
918 779 1111 835 CAESAREM
1128 782 1237 835 LIBER
1255 783 1287 834 ΙΙ.
1336 785 1397 847 135

250 955 362 1039 quam¹
381 977 441 1039 ego
463 953 558 1018 huius
580 952 703 1036 negotii
720 951 835 1015 causa²
858 973 930 1015 eum
944 955 1036 1015 trans
1050 974 1138 1016 mare
1161 953 1318 1035 proficisci
1341 975 1395 1037 pa·

249 1060 344 1121 terer.
390 1056 486 1120 Nunc
509 1058 541 1119 et
562 1058 691 1119 nostrae
713 1076 765 1117 res
787 1054 873 1117 haud
897 1056 1042 1137 copiosae
1059 1058 1092 1117 et
1106 1053 1201 1117 huius
1222 1058 1396 1138 paupertas

251 1161 369 1223 artiora
383 1181 434 1223 me
451 1158 683 1241 compulerunt,
708 1159 744 1219 ut
759 1177 832 1219 eum
853 1156 991 1220 invitum
1012 1156 1203 1240 expellerem
1217 1157 1252 1220 in
1269 1156 1396 1220 Suriam
1472 1157 1483 1179 ⁶

251 1262 290 1325 ad
313 1262 436 1347 legata,
461 1282 542 1344 quae
565 1259 594 1323 ei
616 1260 651 1322 in
674 1260 869 1322 testamento
891 1257 1031 1322 hominis
1054 1258 1238 1321 amicissimi
1260 1259 1395 1322 obvene-

250 1367 337 1446 runt,
361 1363 590 1446 persequenda.

334 1464 421 1540 Quae
436 1466 610 1548 paupertas
626 1463 719 1528 Claro
734 1484 804 1527 meo
819 1462 910 1526 nulla
923 1463 1024 1546 ipsius
1041 1462 1135 1545 culpa
1153 1463 1281 1546 optigit,
1319 1462 1395 1526 ³sed

249 1590 352 1650 neque
375 1570 511 1650 patema
526 1565 593 1629 ulla
614 1587 718 1650 neque
740 1568 887 1628 materna
902 1565 987 1628 bona
1009 1564 1145 1629 fruenda
1160 1565 1319 1647 percepit:
1344 1587 1394 1627 ea-

248 1690 309 1751 que
324 1669 388 1731 fine
404 1668 496 1733 heres
518 1669 604 1752 patri
625 1667 699 1750 fuit,
723 1669 760 1730 ut
782 1666 993 1730 oreditoribus
1015 1667 1159 1749 paternis
1182 1688 1278 1751 aegre
1300 1667 1393 1730 satis-

248 1770 379 1833 faceret.
425 1769 574 1834 Ceterum
596 1769 793 1854 parsimonia
821 1773 854 1832 et
875 1768 990 1833 officiis
1018 1770 1051 1831 et
1078 1767 1266 1852 frugalitate
1294 1791 1392 1832 onera

249 1871 430 1954 quaestoria
453 1871 503 1935 et⁴
532 1871 678 1935 aedilicia
706 1875 739 1935 et
766 1872 927 1953 praetoria
957 1870 1145 1953 perfunctus
1173 1873 1222 1933 est
1230 1873 1252 1933 ¹³.
1312 1870 1394 1935 Cui⁵

248 1972 375 2055 quidem
398 1995 455 2055 per
477 1973 658 2057 apsentiam
681 1973 748 2036 eius
764 1973 855 2036 divus
877 1976 969 2055 pater
991 1975 1097 2036 vester
1118 1975 1281 2055 sumptum
1303 1994 1394 2055 prae-

247 2077 339 2137 turae
362 2075 400 2138 de
422 2074 498 2138 fisco
521 2077 627 2138 vestro
651 2097 723 2138 cum
746 2075 978 2157 expendissetl,
1001 2074 1056 2137 ubi
1079 2074 1217 2157 primum
1231 2074 1266 2137 in
1282 2075 1394 2138 urbem

248 2174 360 2239 Clarus
388 2176 596 2241 reconciliata
618 2175 678 2240 sibi
706 2176 890 2240 valetudine
917 2175 1042 2258 rediit⁷,
1072 2197 1165 2239 omne
1187 2176 1264 2240 fisco
1287 2178 1392 2240 vestro

246 2278 409 2359 persolvit.
805 2346 810 2361 Ι
1318 2349 1320 2354 ,

330 2378 421 2443 Nihil
449 2381 511 2444 isto
533 2380 662 2444 homine
685 2379 859 2444 officiosius
884 2383 949 2462 est,
978 2379 1060 2444 nihil
1088 2380 1279 2463 modestius,
1309 2380 1392 2444 nihil
1446 2433 1450 2438 .

247 2482 466 2546 verecundius.
497 2482 652 2547 Liberalis
668 2482 775 2565 etiam,
800 2482 828 2545 si
850 2481 927 2566 quid
948 2480 1027 2545 mihi
1051 2481 1164 2563 credis,
1188 2485 1220 2545 et
1242 2481 1277 2545 in
1298 2484 1391 2546 tanta

246 2583 415 2666 tenuitate,
440 2587 596 2667 quantum
618 2606 668 2649 res
691 2584 823 2667 patitur,
848 2583 969 2668 largus

331 2684 536 2768 Simplicitas,
561 2687 709 2768 castitas,
733 2686 868 2768 veritae,
891 2684 970 2749 fides
992 2706 1128 2751 romana
1150 2684 1261 2769 plane,
1296 2690 1390 2765 φιλο-

246 2788 374 2865 (τοργία
389 2808 463 2852 vero
478 2787 586 2850 nescio
602 2810 644 2850 an
665 2809 814 2870 romana3
837 2788 956 2870 quippe
977 2787 1031 2872 qui
1046 2786 1129 2850 nihil
1144 2786 1250 2850 minus
1265 2786 1300 2850 in
1322 2790 1391 2851 tota

246 2910 317 2951 mea
338 2890 405 2952 vita
425 2887 546 2953 Romae
566 2888 693 2972 repperi
711 2911 807 2972 quarn
829 2888 992 2953 hominem
1014 2889 1137 2953 sincere
1157 2890 1388 2969 φιλό(τοργον;
1456 2930 1462 2944 x

246 2995 281 3054 ut
295 2993 420 3074 putem,
445 2993 519 3075 quia
534 3013 646 3074 reapse
660 3012 755 3055 nemo
772 2995 821 3055 est
836 2990 957 3056 Romae
973 2992 1197 3073 φιλόετοργοε,
1214 3013 1256 3054 ne
1271 3012 1390 3055 nomen

245 3092 372 3177 quidem
394 3092 469 3156 huic
491 3092 604 3157 virtuti
625 3114 694 3157 esse
716 3094 913 3157 romanum⁸.

329 3192 426 3258 Hunc
441 3194 512 3278 tibi,
536 3193 683 3278 Domine,
708 3195 838 3280 quantis
860 3217 989 3278 possum
1004 3195 1173 3278 praecibus
1190 3195 1386 3259 commendo.

245 3296 279 3359 Si
301 3318 452 3379 umquam
473 3319 525 3361 me
548 3296 663 3360 amasti
686 3297 752 3361 sive
775 3300 939 3361 amaturus
960 3319 1112 3381 umquam
1133 3320 1177 3381 es,
1201 3297 1288 3361 hunc
1304 3320 1323 3360 a
1337 3318 1388 3360 me

244 3397 317 3460 fidei
340 3401 414 3461 tuae
437 3401 533 3482 atque
555 3399 608 3482 opi
630 3399 785 3463 traditum
806 3399 926 3462 tuearis
949 3398 1054 3482 petel.

328 3637 346 3672 a
364 3623 396 3672 ln
414 3625 540 3688 marpine:
559 3617 645 3672 Huius
662 3620 814 3688 paupertas
833 3619 928 3673 artior.

328 3704 346 3756 b
366 3709 398 3757 ln
410 3710 537 3772 marpine:
555 3703 684 3758 Ceterum
696 3703 867 3774 parsimonia
879 3703 976 3757 officiis
988 3705 1017 3758 et
1029 3706 1100 3772 frug.
1115 3735 1147 3742 -—
1161 3705 1323 3773 perfunctus
1336 3707 1386 3757 est.

330 3908 466 3962 lCodex:
496 3905 568 3972 NCQ
587 3947 698 3961 .....
726 3907 782 3973 Χίῐ);
812 3909 842 3961 et
863 3909 927 3960 sunt
949 3906 1070 3977 vestigia
1093 3907 1227 3977 scriptum
1249 3906 1334 3961 fuisse
1352 3938 1386 3947 —

243 4014 322 4062 perum.
360 3993 511 4060 Perperam
526 3991 617 4046 Maius
638 4010 708 4045 sane.

326 4083 341 4128 2
361 4076 464 4130 Codex:
483 4096 629 4137 consuesse,
648 4075 697 4129 sed
715 4091 783 4129 corr.

326 4169 341 4214 3
361 4160 460 4230 [ncipit
478 4159 543 4214 Cod.
563 4178 590 4229 p.
610 4166 669 4215 423.
706 4159 810 4214 Codex:
831 4166 930 4230 optipit.

325 4246 403 4299 41ta
421 4245 521 4300 Codex.

326 4331 463 4386 5C0dex:
482 4350 543 4384 rum.
579 4330 680 4384 Maium
708 4335 755 4391 cui,
775 4330 851 4398 quod
871 4347 937 4384 sane
955 4331 1121 4400 postulatur.
1158 4331 1324 4386 Coniectura
1341 4335 1385 4386 est

241 4415 401 4469 Heindorfii.

326 4506 341 4552 6
359 4502 403 4553 lta
415 4499 516 4555 Codex.
533 4499 594 4554 Mos
606 4501 630 4554 is
641 4500 695 4553 fuit
703 4499 838 4554 Antonini
850 4500 900 4567 Pii,
913 4503 945 4554 ut
956 4502 1077 4555 testatur
1090 4501 1270 4571 Capitolinus.
1289 4507 1382 4559 Maius.

326 4591 339 4638 ἵ
358 4586 402 4638 lta
419 4583 524 4639 Codext
542 4591 612 4639 redit
624 4584 723 4640 Maius.

325 4675 340 4722 8
359 4669 398 4723 Cf.
417 4669 543 4723 Marcum
562 4669 596 4723 de
613 4671 683 4725 Reb.
703 4670 729 4724 S.
749 4672 770 4724 I.
792 4677 835 4724 11:
855 4674 931 4739 παρὰ
949 4673 1133 4739 Φρόντωνοε·
1152 4703 1185 4709 -
1203 4673 1384 4739 οἱ,καλοὺμε-

240 4772 283 4809 νοι
302 4756 381 4808 οὗτοι
400 4756 470 4820 παρ’
487 4755 556 4820 ἡμῖν
573 4756 955 4824 εὐπατρίδαιὰετοργὸτεροί
973 4773 1034 4812 πω(
1053 4755 1128 4810 εἰείν.

323 4839 418 4892 tCm.
437 4837 535 4892 Maius.
