3300 5950
308 792 371 856 256
658 788 695 841 Μ.
709 786 878 841 CORNELII
895 784 1101 839 PRONTONIS

309 963 365 1039 μὲν
395 960 454 1023 ὑπ’
475 960 554 1038 ἐμοῦ
583 959 734 1038 διδόμενα
763 957 890 1023 δικαίως
912 958 952 1022 ἂν
979 955 1108 1035 καλοίης
1136 958 1242 1037 διίιρα,
1269 954 1309 1019 τὰ
1330 954 1369 1018 δ’
1392 952 1464 1017 ὑπ’

309 1062 433 1127 ἐκείνου
456 1062 564 1140 λύτρα.
599 1060 758 1126 Μάντεων
774 1062 809 1123 δὲ
824 1060 937 1124 παῖδές
952 1079 1048 1138 φαειν
1069 1059 1119 1122 καὶ
1140 1060 1208 1122 τοῖς
1230 1060 1316 1122 θεοῖς
1337 1055 1464 1134 ἡδίους

310 1161 479 1228 εἶναιτῶν
503 1166 619 1227 θυςιῶν
641 1162 698 1226 τὰς
721 1160 940 1242 χαριςτηρίους
963 1162 982 1239 ἢ
1004 1161 1060 1223 τὰς
1090 1159 1277 1238 μειλιχίους·
1316 1156 1366 1221 ὧν
1396 1158 1463 1221 τὰς

231 1302 246 1318 1
308 1267 365 1343 μὲν
389 1265 419 1328 οἱ
442 1265 653 1344 εὐτυχοῦντες
682 1263 733 1327 ἐπὶ
756 1266 882 1346 φυλακῇ
911 1264 962 1326 καὶ
989 1263 1092 1341 κτήςει
1119 1265 1186 1326 τῶν
1215 1262 1365 1341 ἀγαθῶν,
1396 1262 1464 1323 τὰς

308 1368 344 1430 δέ
373 1367 404 1430 οἱ
432 1372 537 1431 κακῶς
564 1366 759 1444 πράττοντες
788 1365 842 1428 ἐπ’
870 1363 1041 1448 ἀποτροπῇ
1070 1368 1136 1428 τύιν
1165 1367 1281 1428 δεινῶν
1310 1361 1468 1446 θύουςιν,·

309 1469 391 1532 Τάδε
414 1471 470 1547 μὲν
493 1468 566 1546 περὶ
586 1473 653 1532 τῶν
670 1468 899 1546 ςυμφερόντων
915 1468 965 1531 καὶ
978 1465 1065 1531 τῶνι
1081 1465 1130 1529 ςοί
1150 1470 1185 1529 τε
1208 1463 1343 1549 κάκείνῳ
1364 1464 1463 1544 ὠφε-

310 1569 409 1647 λίμων
433 1569 576 1649 εἰρήςθω.

394 1670 426 1734 Εἰ
447 1672 483 1734 δὲ
505 1673 602 1734 τούτο
626 1669 763 1735 δίκαιόςῖ
788 1670 870 1736 ἐςτιν
892 1673 998 1750 τυχεῖν
1020 1674 1076 1748 τῆς
1098 1671 1186 1750 παρὰ
1209 1668 1287 1735 ςοθ3
1303 1668 1462 1749 βοηθείας

310 1823 345 1835 ..
371 1823 376 1834 .
400 1793 509 1851 ερειςω
534 1793 569 1835 ςυ
590 1776 688 1837 τούτο
713 1823 718 1836 .
744 1772 866 1857 ..αὐτῷ
895 1779 1026 1857 πονερῷ
1056 1774 1092 1836 δὲ
1113 1792 1253 1850 τεκτηνω
1281 1772 1331 1834 καὶ
1353 1790 1462 1849 μηχα-

286 1861 1460 1957 κνήςωτάςθεττα..μεν..αιν..ἐρᾷς..δέπα..είπε...

309 1997 386 2040 τοτα
408 1998 491 2042 κον.
518 2025 524 2037 .
548 2024 555 2038 .
580 1976 765 2056 (ἀ)ναίτιος.
792 2024 798 2035 .
822 1976 911 2039 τινὸς
933 1976 986 2038 διὰ
1008 1977 1065 2053 τήν
1088 1975 1175 2058 αὐτῷ
1199 1995 1316 2039 κατακο
1334 2022 1341 2036 .
1361 2023 1368 2037 .
1387 2023 1395 2035 .
1416 1996 1460 2039 κο

312 2128 318 2139 .
345 2078 420 2161 [λέ
443 2079 527 2154 πλὴν
552 2076 578 2140 εἰ
600 2078 640 2155 μή
662 2098 691 2140 τι
713 2076 824 2157 ὀφθεὶς
846 2076 1001 2154 ἠδίκηκας.
1348 2161 1351 2167 ⁴

395 2180 447 2257 Μὴ
471 2178 580 2254 ἀγνόει
603 2179 709 2242 δὲκαὶ
737 2178 892 2257 ἀδικηθεὶς
914 2179 1011 2243 αὐτὸς
1034 2180 1084 2243 καὶ
1107 2177 1311 2259 ὑβριζόμενος
1335 2177 1375 2241 ού
1400 2198 1460 2256 με-

309 2279 398 2359 τρίαν
420 2281 479 2359 ἤδη
502 2280 620 2358 ταύτην
636 2280 713 2358 τὴν5
728 2280 832 2361 ὕβριν,
855 2281 893 2343 τὸ
916 2284 1059 2345 ἅπαντας
1082 2280 1199 2345 εἰδέναι
1220 2300 1254 2343 τε
1276 2280 1327 2343 καὶ
1350 2299 1460 2359 φανε-

310 2386 375 2460 ρῶς
398 2382 502 2445 οὕτως
525 2382 736 2458 διαλέγεςθαι,
768 2381 816 2445 ὅτι
844 2402 902 2446 ςου
925 2381 971 2462 εἴη
1001 2381 1057 2446 ὅδε
1081 2382 1225 2462 ἐραςτής·
1260 2381 1398 2462 φθάνεις·
1420 2384 1460 2445 δὲ

310 2484 359 2545 καὶ
381 2483 455 2562 πρίν
477 2504 506 2547 τι
528 2489 594 2547 τῶν
615 2487 752 2547 τοιῶνδε
774 2486 900 2562 πρᾶξαι,
922 2484 1067 2563 τοῦνομα
1087 2489 1143 2562 τῆς
1165 2482 1310 2563 τιράξευις
1333 2481 1460 2560 ύπομέ-

309 2605 386 2648 νων.
433 2585 567 2647 Καλούςί
588 2586 623 2661 γ’
645 2583 724 2648 ούν6
748 2606 779 2649 ςε
803 2585 834 2649 οἱ
856 2589 996 2651 πλεῑςτοι
1018 2591 1084 2650 τῶν
1107 2587 1250 2649 πολιτῶν
1272 2585 1330 2648 τὸν
1353 2588 1460 2649 τοῦδε

310 2685 489 2764 ἐρώμενον·
521 2686 585 2761 ἐγὼ
617 2686 653 2748 δέ
676 2706 723 2749 ςοι
746 2688 932 2768 διαφυλάξω
955 2687 1098 2765 τοῦνομα
1126 2687 1272 2776 καθαρὸν
1295 2687 1346 2749 καὶ
1373 2684 1460 2749 ἀνύ-

311 2793 445 2866 βριςτον,
492 2787 594 2850 Καλὸς
621 2787 683 2865 γὰρ
712 2787 784 2867 οὐχὶ
811 2788 992 2867 ἐρώμενος7
1019 2788 1056 2853 τό
1083 2810 1120 2865 γε
1148 2790 1219 2852 κατ’
1247 2788 1301 2867 ἐμὲ
1327 2786 1459 2866 ὀνομα-

250 2885 252 2892 ’
311 2891 421 2967 ςθήςει.
457 2887 488 2952 Εἰ
510 2887 566 2952 δέ8
580 2888 685 2970 τούτῳ
709 2889 753 2952 ὡς
776 2890 885 2973 δικαίῳ
907 2892 966 2956 τινὶ
989 2893 1145 2970 χρήςεται,
1169 2889 1218 2953 ὅτι
1239 2891 1362 2968 μᾶλλον
1385 2888 1461 2952 ἐπι·

310 2995 414 3073 θυμεῑ,
443 2990 518 3055 ἴςτω
548 2989 595 3054 ὅτι
622 2992 681 3054 οὐκ
703 2991 846 3070 ἐπιθυμεῖ
867 2994 1008 3070 μᾶλλον,
1038 2993 1112 3057 ἀλλ’
1135 2992 1340 3072 ἰταμώτερον.
1386 2991 1462 3056 Τὰς

310 3094 345 3155 δὲ
368 3093 457 3170 μυίας
479 3093 529 3156 καὶ
551 3093 607 3155 τὰς
624 3091 753 3170 ἐμπίδας
772 3094 903 3171 μάλιςτα
918 3093 1141 3174 ἀποςοβοθμεν
1158 3095 1208 3158 καὶ
1223 3093 1459 3175 ἀπωθούμεθα,

310 3193 358 3257 δ’τι
386 3193 593 3256 ἀναιδέςτατα
615 3195 677 3268 ,καὶ
706 3193 885 3273 ἰταμώτατα
913 3196 1124 3260 ἐπιπέτονται.
1168 3196 1273 3260 Τοῦτο
1302 3196 1359 3272 μὲν
1390 3194 1460 3261 οὖν

309 3296 419 3358 καὶτὰ
442 3295 533 3373 θηρία
555 3293 714 3358 ἐπίςταται
742 3296 874 3381 φεύγειν
903 3297 1034 3375 μάλιςτα
1062 3297 1196 3362 πάντων
1217 3297 1294 3362 τοὺς
1316 3297 1462 3374 κυνηγέ-

309 3415 375 3474 τας,
398 3397 448 3459 καὶ
470 3397 509 3459 τά
530 3396 636 3474 πτηνὰ
658 3397 734 3460 τοὺς
756 3398 939 3476 θηρευτάςί.
971 3399 1032 3462 Καὶ
1041 3398 1146 3463 πάντα
1168 3400 1203 3463 δὲ
1225 3399 1264 3463 τὰ
1286 3403 1354 3482 ζῷα
1376 3399 1463 3462 τού-

308 3516 384 3561 τους
406 3497 537 3576 μάλιςτα
565 3497 747 3576 ἐκτρέπεται
774 3499 850 3562 τοὺς
878 3500 1008 3578 μάλιςτα
1037 3500 1268 3579 ἐνεδρεύοντας
1296 3500 1347 3563 καί
1375 3501 1461 3564 διώ-

309 3619 433 3662 κοντας.
842 3584 848 3594 ’

397 3700 428 3762 Εἰ
455 3701 491 3764 δέ
523 3720 568 3763 τις
602 3701 700 3765 οἴεται
737 3701 949 3782 ἐνδοξότερον
981 3703 1032 3766 καὶ
1061 3701 1263 3781 ἐντιμότερον
1298 3700 1382 3766 εἶναι
1416 3707 1461 3769 τὸ

309 3801 426 3865 κάλλος
450 3802 502 3864 διὰ
523 3803 600 3864 τούς
622 3802 770 3882 ἐραςτάς,
792 3808 852 3869 τού
874 3805 996 3870 παντὸς
1019 3805 1232 3884 διαμαρτάνει.
1280 3804 1462 3870 Κινδυνεύ-

309 3922 360 3966 ετε
383 3904 439 3980 μὲν
461 3902 523 3980 γὰρ
545 3902 576 3966 οἱ
591 3904 682 3967 καλοὶ
703 3905 775 4013 περὶ
796 3909 855 3969 τού
878 3905 1016 3970 κάλλους
1037 3910 1093 3984 τῆς
1116 3906 1149 3970 ἐς
1170 3907 1247 3971 τοὺς
1269 3904 1463 3972 ἀκούοντας

393 4078 407 4123 1
425 4069 487 4124 Duo
505 4071 642 4125 voeabula
658 4071 747 4126 Maius
766 4072 867 4126 omisit.

392 4162 407 4207 2
425 4155 514 4208 Mar'us
535 4156 605 4225 legit
622 4157 738 4211 δίκαιον.

393 4247 408 4293 3
425 4237 542 4293 Videtur
558 4240 615 4308 legi
627 4244 701 4295 ΠΑΡ
712 4242 724 4294 λ
735 4244 775 4296 ΙΟ,
801 4241 960 4309 Sequuntur
978 4242 1200 4311 quattuordecim
1216 4260 1311 4298 versus
1330 4243 1463 4313 evanidi,

309 4340 377 4391 quos
395 4324 468 4377 dabo
486 4322 540 4375 fide
557 4323 631 4377 Maii.
668 4325 803 4394 Pleraque
821 4326 901 4380 iniis
919 4328 1042 4381 absurda
1059 4328 1130 4381 sunt.

392 4407 526 4476 4Inoipit
544 4407 609 4461 Cod.
628 4409 756 4464 Ambros.
775 4428 802 4479 p.
822 4418 863 4464 69.
1109 4390 1118 4408 ⁸

392 4491 511 4546 oDeeso
526 4493 555 4544 in
574 4491 681 4546 Codice.
719 4493 836 4563 supplet
853 4494 1030 4559 Niebuhrius.
1065 4497 1208 4552 Bekkerus
1226 4498 1323 4550 eontra
1341 4496 1426 4553 dicit.

392 4576 513 4629 ssMaius
530 4577 612 4645 legit:
631 4582 762 4632 κολούειν
780 4581 840 4632 ούν.
878 4579 1005 4634 Correxit
1022 4581 1175 4636 Bekkerue.

392 4666 406 4713 7
426 4659 530 4713 Codex:
554 4663 737 4729 δέρώμενος.

391 4743 530 4797 8Codex:
558 4747 601 4812 δή.

392 4835 407 4881 9
425 4828 577 4882 Ieoobsius:
596 4830 712 4885 ίξευτάς.
