3300 5950
424 806 473 862 Ao
490 807 527 864 u.
548 806 739 862 emsxuan
758 809 804 862 ur
824 806 976 863 iuviean
993 807 1102 863 uranu
1120 808 1140 862 i.
1326 812 1365 875 19

305 981 395 1044 Idem
422 982 530 1079 evenit
562 981 693 1045 floribus
727 985 759 1045 et
788 981 929 1044 coronis:
967 953 1030 1044 aiio
1063 980 1223 1063 dignitate
1256 984 1361 1063 sunt³,

221 1104 316 1166 quom
338 1106 358 1146 a
380 1083 553 1146 coronariis
575 1086 717 1146 veneunt
723 1134 732 1166 ‚
768 1083 831 1145 alia
858 1104 952 1166 quom
981 1105 999 1144 a
1022 1080 1237 1144 sacerdotibus
1264 1082 1363 1163 porri-

222 1186 375 1268 gunt-urb.
570 1171 580 1188 ⁶

306 1286 472 1370 Tantoque
495 1308 554 1370 ego
576 1287 770 1351 fortunatior
785 1309 881 1370 quam
896 1286 959 1349 fuit
973 1284 1128 1349 Hercules
1144 1288 1239 1368 atque
1254 1285 1363 1348 Aelii]-

222 1388 283 1470 les‚
313 1409 448 1472 quorum
475 1410 564 1451 arma
592 1391 625 1452 et
650 1388 716 1452 teia
738 1390 867 1472 gestata
889 1391 965 1451 sunt
992 1410 1011 1450 a
1033 1386 1211 1450 Patrieole¹
1236 1390 1269 1450 et
1289 1386 1363 1450 Phi-

222 1490 355 1572 locteta,
389 1489 490 1552 multo
517 1490 594 1553 viris
622 1490 740 1553 virtute
767 1489 988 1552 inferioribus:
1022 1511 1094 1551 mea
1123 1491 1235 1551 eontra
1262 1492 1364 1551 oratio

222 1592 404 1674 mediocria,
433 1613 475 1654 ne
497 1591 602 1654 dicam
623 1590 775 1674 ignobilis
783 1592 805 1673 2’,
837 1613 855 1653 a
878 1590 1060 1653 (lectissimo
1082 1593 1115 1652 et
1135 1589 1364 1652 facundissimo

222 1693 364 1757 omnium
393 1692 527 1756 t'iaesare
558 1692 731 1754 inlustrata
763 1696 822 1755 est.
877 1691 945 1754 Nee
973 1691 1039 1753 ulla
1066 1713 1216 1774 umquam
1248 1714 1365 1754 seaena

221 1797 349 1857 tant-um
371 1793 484 1856 habuit
507 1792 685 1876 dignitatis,
709 1793 754 1855 M.
772 1792 890 1856 Caesar
906 1795 1004 1873 aeter,
1028 1792 1120 1855 Titus
1135 1792 1362 1875 inopes-tutori.

222 1894 304 1969 Quid
327 1895 462 1978 amplius
486 1894 652 1977 euiqua1n⁴
676 1895 862 1978 contingere
885 1896 1001 1976 potest,
1025 1894 1088 1956 nisi
1110 1916 1209 1956 unum
1225 1896 1307 1976 quod
1329 1896 1363 1958 iu

224 1996 311 2060 eaelo
332 1996 400 2059 fieri
424 1998 537 2079 poetae
558 1995 684 2078 ferunt,
709 1998 823 2079 quom⁵
846 1995 920 2058 love
942 1995 1053 2077 patreG
1083 1995 1231 2057 audiente
1253 1995 1364 2057 Musae

148 2121 156 2133 ·
224 2101 368 2162 cantant.
414 2094 503 2184 [Αὺ]7
526 2097 612 2160 enim
633 2118 708 2160 vero
730 2098 845 2180 quibus
874 2118 934 2180 ego
956 2096 1110 2180 gaudium
1131 2118 1236 2158 meum
1259 2098 1364 2159 verbis

190 2210 193 2215 '
224 2198 399 2282 exprimere
421 2197 556 2281 possim,
579 2198 663 2281 quod
685 2199 863 2261 orationem
885 2198 981 2260 istam
1002 2218 1107 2259 meam
1121 2199 1177 2259 tua
1192 2220 1289 2259 manu
1312 2199 1363 2260 de-

223 2301 377 2383 scriptam
397 2299 514 2384 misisti
536 2299 659 2362 mihin
703 2296 792 2386 ⁹[Atq
816 2320 927 2363 vemm
950 2302 999 2362 est
1023 2298 1071 2383 ¹⁰1
1096 2297 1250 2381 profecte,
1280 2301 1363 2381 (quod

224 2403 270 2466 ait
291 2404 399 2464 noster
420 2399 583 2481 Laberius,
614 2400 654 2463 ad
677 2422 816 2464 amorem
837 2399 1034 2462 iniciendum
1056 2399 1270 2462 delenimenta
1292 2423 1360 2462 esse

224 2502 517 2584 deliberamenta¹¹,
547 2502 702 2565 beneficia
735 2503 842 2564 autem
868 2501 1065 2564 veneficia¹‘·'.
1110 2500 1221 2583 Neque
1251 2502 1364 2583 poeula

223 2608 281 2668 aut
301 2624 424 2668 veneno
446 2603 613 2686 qnisquam
627 2606 755 2666 tantum
769 2603 915 2666 flammae
931 2602 971 2665 ad
987 2604 1161 2665 amatorem
1175 2602 1363 2667 incussisset

309 2773 326 2810 a
343 2760 377 2808 In
392 2760 517 2824 nrarpiae:
535 2755 568 2807 In
585 2755 645 2809 alio'
657 2755 744 2808 habet
760 2755 860 2808 insunt.

308 2840 327 2893 b
347 2844 379 2893 In
395 2844 520 2908 marpinez
546 2838 578 2891 ln
601 2839 655 2892 alio
677 2839 716 2892 sio
737 2839 835 2892 habet:
858 2839 921 2891 Alia
943 2839 1080 2907 dignitate
1102 2840 1166 2891 sunt
1183 2838 1210 2892 iu
1230 2839 1363 2893 Portunio

167 2915 171 2920 ’
224 2942 288 2979 euin
305 2941 323 2979 a
340 2923 491 2978 coronariis
507 2921 620 2976 veniunt
638 2922 710 2991 (sie),
733 2922 788 2977 alia
806 2940 868 2995 oum
887 2940 904 2977 a
921 2922 1110 2977 sacerdotibus
1132 2922 1282 2992 intemplo
1301 2942 1364 2992 por-

223 3010 359 3079 riguntur.
396 3008 528 3077 [Antiqua
544 3007 619 3061 hand
637 3007 719 3061 dubie
738 3010 766 3060 et
778 3025 912 3076 germana
924 3007 1067 3075 scriptura.
1097 3013 1243 3061 I'mauuimu
1258 3009 1364 3061 Itoniae

223 3110 326 3149 nomen
346 3091 400 3147 loei
422 3092 532 3146 videtur
554 3091 603 3144 ubi
623 3091 705 3145 flores
728 3093 757 3145 et
784 3109 902 3145 coronae
925 3091 1063 3144 venibant.
1099 3095 1282 3160 Heimloifiua]
1323 3092 1363 3145 Cl‘.

223 3178 383 3232 Buecheler.
402 3177 431 3229 in
448 3177 517 3230 Mus.
536 3177 624 3230 Rhen.
643 3177 694 3228 XII
711 3195 738 3244 p.
752 3183 810 3230 ⁶260.

311 3336 325 3384 1
343 3329 387 3383 Ita
403 3329 490 3383 habet
507 3329 585 3385 vena
602 3328 684 3382 lectio
704 3328 788 3382 etiam
807 3329 881 3397 apud
900 3329 985 3382 Cicer.
1000 3329 1154 3383 Terentii.
1172 3335 1210 3382 ld.
1235 3334 1327 3384 dimas.

309 3421 325 3467 2
343 3413 422 3468 eoa:
440 3419 556 3482 ipnedilis
573 3420 618 3467 iis:
635 3415 695 3466 tum
714 3415 846 3480 cpiaattuor
859 3430 934 3482 seqq.
948 3413 1058 3466 litterae
1072 3413 1212 3466 evanidae.
1236 3414 1364 3468 Fortasse

223 3500 400 3555 inserendum
419 3499 473 3552 est:
491 3504 550 3557 isto.

310 3583 388 3637 aSic
406 3581 498 3636 Codex
519 3581 600 3635 valde
621 3582 774 3651 perspicue.
815 3582 915 3635 Maius:
943 3591 1099 3649 ineptaque,
1130 3582 1176 3634 sed
1206 3583 1362 3636 eonieetuiu

223 3685 321 3723 verum
337 3666 415 3721 vidit.

308 3753 433 3822 tsupra
449 3750 496 3805 lin.

310 3844 325 3892 ὁ
343 3837 448 3894 Cortex:
467 3857 523 3906 qao.
559 3836 684 3891 Correxit
702 3837 869 3891 Niebuhrius

309 3921 434 3991 bSupxa
450 3920 497 3974 lin.

309 4012 324 4059 7
342 4006 391 4059 Est
407 4004 437 4059 in
455 4004 555 4059 Oodiee
573 4005 690 4060 duarum
707 4007 863 4061 litterarum
881 4006 1009 4076 spatimu.

309 4094 325 4142 8
342 4088 435 4143 Etiam
452 4106 486 4143 ex
502 4090 556 4143 hoo
572 4090 633 4143 loeo
652 4092 760 4145 effic-ere
777 4092 895 4160 poteris,
918 4092 1051 4158 quantimr
1069 4089 1157 4143 Maius
1179 4090 1208 4142 in
1229 4091 1301 4144 foliis
1321 4110 1363 4146 or-

224 4172 351 4228 dinandis
369 4190 386 4227 a
402 4189 468 4227 vero
487 4173 665 4228 aberraverit.
1174 4160 1181 4169 ”

309 4265 324 4312 9
342 4258 391 4311 Est
408 4258 437 4310 in
455 4256 555 4312 Codiee
574 4258 691 4312 duarum
710 4259 867 4314 litterarum
885 4261 1012 4329 spatium.

294 4349 325 4396 10
342 4341 442 4411 Incipit
460 4341 525 4396 eod.
545 4343 671 4397 Ambros.
690 4363 717 4412 p.
732 4352 764 4399 62

295 4434 324 4481 11
343 4426 511 4496 Corruptum
528 4427 623 4496 utique
641 4429 812 4483 vocabulum.
843 4430 939 4499 Neque
956 4432 1051 4484 tamen
1069 4431 1156 4483 audeo
1174 4430 1363 4499 reponmidum

225 4510 342 4567 suadere
366 4517 544 4578 deliramenta,
568 4512 642 4579 quod
664 4530 744 4566 sensu
766 4515 888 4583 quodam
910 4514 988 4568 verbi
1010 4513 1101 4568 aetivo
1131 4530 1201 4567 nove
1227 4517 1364 4584 usurparit

224 4595 365 4650 Laberius.
385 4599 560 4651 Buttmaanus.
580 4597 720 4651 Iucobsius
736 4600 861 4668 praefert
879 4604 1045 4653 deliramenta
1062 4614 1113 4666 pro
1131 4603 1273 4667 libamenta,
1292 4602 1364 4653 dona

224 4679 330 4734 scilieet
347 4680 483 4735 defunctis
501 4680 604 4734 oblata.
640 4681 718 4736 Idem
736 4684 912 4736 eonnnendat
931 4681 1055 4735 Orellius.

294 4772 325 4819 12
343 4764 409 4818 eod.
429 4770 558 4833 beneficia.
595 4764 633 4819 cf.
648 4766 756 4821 Gruter.
771 4768 854 4822 inser.
868 4776 884 4822 5
901 4787 927 4837 p.
942 4773 1000 4821 687.
1035 4768 1141 4835 Dignst.
1154 4767 1214 4823 Lib.
1229 4777 1268 4825 39.
1283 4777 1306 4823 2.
1320 4775 1360 4823 40.

226 4848 292 4905 cod.
311 4850 370 4904 Lib.
390 4856 414 4903 3.
427 4856 468 4904 28,
482 4857 522 4904 27.
561 4854 655 4905 Maius.

1119 4941 1162 4985 aa
