3300 5950
263 762 325 807 Vlll
694 741 971 797 PROLEGOMENA.

262 918 337 982 dum
354 916 482 980 venenis
498 938 572 979 usus
588 915 630 979 sit
651 915 918 1012 parunqidoneis.
949 915 1036 979 Hinc
1050 918 1171 981 factum
1187 920 1245 998 est,
1263 921 1299 981 ut
1313 939 1400 981 nunc

262 1019 431 1102 pleraeque
453 1017 591 1102 paginae
614 1016 727 1101 nigrae
748 1017 855 1080 factae
877 1016 959 1099 sint,
993 1040 1074 1101 quae
1095 1041 1198 1102 neque
1220 1018 1313 1081 hodie
1335 1019 1399 1102 legi

262 1123 397 1205 possunt
418 1142 521 1204 neque
543 1141 693 1202 umquam
716 1121 877 1201 poterunt.
923 1119 985 1184 sed
1007 1119 1085 1183 Maii
1107 1142 1230 1205 quoque
1257 1122 1399 1204 tempore

263 1222 432 1286 lectionem
455 1222 533 1285 satis
556 1221 720 1284 difficilem
734 1220 844 1303 fuisse,
869 1243 907 1285 ex
922 1221 1049 1286 indiciis
1071 1222 1261 1306 quibusdam
1283 1222 1398 1304 efficio,

263 1325 348 1388 inter
369 1346 450 1408 quae
473 1327 505 1387 et
526 1322 605 1386 illud
627 1325 690 1405 cst,
722 1344 794 1386 111111
820 1323 873 1388 vix
900 1323 950 1387 bis
972 1325 1060 1389 terve
1083 1324 1198 1388 vidisse
1220 1324 1400 1409 quaternio·

264 1448 341 1491 num
373 1428 483 1506 notas,
518 1448 599 1508 quae
630 1425 666 1488 in
699 1424 859 1489 Vaticano
893 1426 999 1489 codice
1032 1449 1207 1511 numquam
1239 1426 1400 1491 deficiunt.

265 1528 332 1591 Has
356 1529 441 1592 certe
464 1527 491 1589 si
512 1526 658 1609 vidisset,
687 1548 752 1591 non
780 1525 977 1611 neglexisset
1005 1527 1155 1593 adhibere
1184 1530 1223 1592 ad
1255 1528 1403 1592 foliorum

264 1629 406 1693 ordinem
429 1628 672 1693 restituendtm.

349 1730 412 1795 Hic
435 1730 604 1794 dicendum
626 1732 674 1793 est
697 1730 735 1793 de
759 1730 938 1794 admirabili
960 1732 1095 1815 ratione,
1120 1756 1215 1815 quam
1237 1732 1341 1796 Maius
1356 1753 1402 1795 se-

266 1836 357 1896 cutus
380 1835 428 1895 est
450 1832 484 1895 in
506 1831 721 1916 palimpsestis
743 1832 898 1917 legendis.
930 1832 1068 1916 Scilicet,
1092 1835 1175 1919 quod
1196 1856 1290 1898 nemo
1312 1834 1402 1918 igno-

265 1937 331 2017 rat,
361 1935 415 2020 qui
443 1956 593 2019 umquam
620 1934 791 2017 rescriptos
815 1934 938 1999 codices
960 1936 1112 2000 tractavit
1134 1958 1237 2021 neque
1259 1936 1305 1999 rei
1326 1935 1404 1999 ima-

266 2038 376 2123 ginem
398 2036 458 2101 sibi
480 2036 576 2120 fingit
598 2058 637 2099 ex
658 2035 776 2115 tabulis
798 2036 1053 2121 lithographiam,
1077 2060 1168 2121 quae,
1193 2061 1264 2102 cum
1286 2040 1404 2100 utram-

267 2162 327 2223 que
350 2138 541 2221 scripturam
557 2140 712 2219 refenmt,
737 2139 845 2201 tamen
862 2160 927 2201 non
942 2140 1039 2202 nimis
1055 2139 1140 2205 lectu
1155 2140 1302 2204 difficiles
1317 2143 1403 2220 sunt,

268 2242 401 2304 arduum
429 2239 595 2323 negotium
617 2241 666 2302 est
696 2247 728 2301 et
760 2261 934 2322 paucorum
961 2240 1143 2325 hominnm,
1178 2241 1249 2305 illas
1283 2244 1405 2305 veteres

267 2341 469 2405 membranas
497 2343 582 2404 recte
615 2340 731 2424 legere.
778 2340 906 2405 Ceteros
934 2341 1032 2406 libros
1060 2342 1196 2427 legimus
1225 2346 1261 2406 ut
1288 2342 1405 2406 intelli-

268 2465 396 2529 gamus:
425 2442 460 2505 in
489 2441 696 2525 palimpsesto
720 2442 827 2506 codice
850 2464 944 2526 saepe
972 2464 1051 2526 opus
1075 2448 1181 2508 estut
1203 2443 1407 2528 priusintel-

268 2544 383 2619 lexeris
406 2566 444 2607 ex
467 2543 706 2607 accuratissima
729 2544 883 2607 sermonis
905 2544 1039 2626 notitia,
1069 2545 1145 2629 quid
1173 2546 1309 2628 scriptor
1331 2545 1406 2607 dare

269 2647 446 2711 debuisset:
469 2648 538 2708 tum
558 2645 684 2708 demum
699 2643 879 2709 litterarum
895 2647 1009 2709 tenues
1025 2647 1131 2730 apices
1147 2647 1237 2730 quasi
1259 2648 1294 2709 in
1317 2668 1407 2709 voca-

269 2748 345 2812 bula
368 2749 484 2811 coeunt
506 2749 539 2809 et
560 2746 664 2809 lucem
685 2746 846 2830 vitamque
870 2747 1042 2831 accipiunt.
1088 2748 1173 2812 Olim
1195 2748 1337 2832 quidem,
1360 2769 1407 2811 re-

271 2849 416 2914 centibus
437 2847 588 2929 venenis,
612 2869 663 2910 res
687 2847 782 2931 paulo
805 2848 931 2913 facilior
955 2852 1024 2911 erat
1047 2871 1142 2933 quam
1159 2850 1251 2914 nobis
1271 2850 1406 2931 videtur,

271 2952 326 3016 sed
337 2954 446 3015 tamen
464 2949 539 3034 quid
551 2948 677 3014 Maius?
700 2948 789 3025 Quod
800 2950 862 3035 ipsi
879 2972 1001 3015 summo
1016 2951 1084 3016 viro
1099 2950 1216 3016 diserte
1232 2951 1408 3015 affirmanti

270 3055 323 3119 vix
348 3054 473 3136 credas,
503 3075 575 3116 cum
602 3053 703 3117 doctis
733 3053 870 3137 vigilans
898 3054 1011 3118 studiis
1034 3076 1091 3116 sua
1112 3057 1257 3138 tempora
1279 3057 1416 3134 tereret,-

271 3161 308 3221 ut
344 3157 379 3220 in
412 3157 479 3218 eius
512 3159 718 3219 monumento
751 3159 820 3238 est,
857 3144 973 3220 codicis
1008 3156 1211 3220 Ambrosiam
1243 3155 1409 3240 negotium

272 3257 436 3322 mandavit
459 3259 646 3320 amanuensi
670 3257 809 3320 cuidam!
847 3258 971 3321 Postea.
985 3258 1120 3322 Romam
1141 3259 1314 3341 profectus,
1339 3278 1410 3320 cum

273 3381 389 3422 novam
411 3357 582 3421 editionem
605 3358 789 3440 adornaret,
813 3358 919 3421 Maius
941 3380 1035 3442 saepe
1058 3359 1187 3442 scripsit
1209 3359 1248 3423 ad
1271 3357 1411 3421 sodalem

272 3461 403 3524 Petrum
419 3458 684 3540 Mazzuchellum,
709 3462 744 3522 ut
766 3460 905 3524 codicem
922 3461 1108 3544 inspiceret,
1133 3460 1187 3523 sed
1211 3483 1282 3524 cum
1303 3460 1412 3523 fructu

274 3562 397 3646 exiguo.

357 3663 571 3728 Utilissimum
594 3686 672 3746 opus
693 3663 773 3727 feeit
795 3666 915 3729 amicus
937 3688 1026 3728 meus
1050 3665 1087 3730 G.
1111 3664 1152 3728 N.
1176 3666 1218 3728 du
1239 3665 1332 3744 Rieu,
1357 3663 1411 3747 qui

275 3769 350 3830 ante
367 3765 487 3848 aliquot
503 3787 604 3829 annos
619 3765 654 3828 in
669 3765 764 3829 Italia
782 3767 902 3851 degens
915 3766 1092 3830 studiorum
1110 3789 1221 3849 causa,
1247 3788 1318 3829 curn
1334 3764 1412 3828 alios

276 3870 397 3932 veteres
409 3867 580 3950 scriptores
591 3869 660 3931 tum
667 3867 862 3931 Frontonem
874 3891 970 3952 quam
981 3869 1087 3952 potuit
1098 3869 1237 3932 maxima
1250 3890 1326 3931 eura
1341 3888 1413 3930 cum

277 3970 436 4033 codicibus
450 3968 586 4032 contulit
601 3973 633 4032 et
644 3970 751 4033 omnia
762 3971 1043 4034 maximaminima
1058 3970 1166 4034 sedulo
1175 3974 1207 4034 et
1222 3970 1323 4054 perite
1339 3990 1412 4032 cno-

276 4071 366 4134 tavit.
397 4069 494 4134 Brevi
509 4073 581 4153 post
596 4071 732 4134 reditum
753 4073 788 4134 in
804 4073 942 4155 patriam
957 4074 991 4136 in
1007 4077 1133 4138 Sebeda
1154 4078 1311 4137 Vaticanis
1326 4071 1413 4134 dedit

277 4194 349 4235 cum
371 4171 434 4234 alia
456 4174 525 4234 tum
540 4193 656 4235 novam
679 4172 882 4237 collationem
897 4173 1060 4238 Ciceronis
1075 4173 1230 4237 librorum
1252 4172 1290 4235 de
1306 4171 1412 4255 Repu-

277 4274 376 4357 blica,
400 4295 495 4357 quam
517 4273 577 4337 viri
593 4274 688 4357 docti,
712 4278 748 4337 ut
763 4275 886 4358 opinor,
910 4276 1098 4359 probarunt.
1130 4273 1192 4338 sed
1209 4295 1280 4337 cum
1295 4273 1329 4336 in
1346 4274 1412 4337 vita

277 4374 522 4458 occupatissima
543 4376 606 4459 ipsi
627 4398 693 4440 non
716 4376 793 4440 satis
816 4377 874 4440 otii
897 4377 939 4439 sit
962 4378 1002 4439 ad
1029 4376 1202 4440 editionem
1224 4375 1411 4458 parandam,

277 4476 398 4541 mavult
433 4477 518 4540 enim
552 4477 768 4542 describendis
798 4480 831 4540 et
860 4478 1069 4562 inspiciendis
1097 4477 1257 4541 codicibus
1281 4477 1414 4540 Leiden-

278 4578 375 4662 sibus,
399 4600 532 4662 quorum
556 4602 630 4644 cura
653 4581 681 4643 ei
703 4579 856 4643 mandata
879 4581 944 4662 est,
969 4579 1103 4642 aliorum
1125 4579 1230 4642 studia
1251 4579 1359 4641 iuvare
1383 4581 1415 4642 et

278 4682 448 4749 incendere
468 4681 719 4766 necquidquam
733 4702 853 4765 negare
875 4680 1009 4744 honeste
1031 4680 1225 4763 petentibus
1250 4702 1345 4764 quam
1366 4681 1414 4743 in·

280 4783 366 4867 genii
387 4787 596 4848 monumenta
616 4784 685 4867 ipse
708 4782 842 4846 condere
866 4782 988 4866 sibique
1011 4785 1043 4845 11
1063 4780 1169 4846 famae
1190 4783 1311 4864 vivere,
1340 4781 1414 4865 quia
