3300 5950
455 766 504 820 An
522 766 559 819 M.
573 766 764 822 CAESAREM
781 766 828 822 m*
847 766 999 822 mvroum
1016 767 1124 821 nlssmc
1143 768 1174 820 ll.
1337 770 1379 833 25

239 941 342 1001 maier
368 939 425 1000 bna
453 941 488 1001 ul
514 938 640 1021 opicum
663 943 858 1003 contemnat.
897 939 977 1003 Vale
1000 940 1136 1003 Domine
1159 943 1191 1002 et
1213 940 1309 1002 matri
1330 963 1377 1002 sa-

238 1040 326 1106 vium
348 1040 398 1125 (la,
423 1061 495 1107 cum
517 1040 687 1128 epistulam
709 1040 809 1127 dabis,
834 1063 896 1130 quo
918 1040 1070 1108 libentius
1092 1041 1209 1131 legat¹.

712 1253 787 1260 ...υ-
812 1254 914 1261 ..—

337 1497 342 1502 ,
456 1400 524 1485 (Μ.
548 1404 819 1487 CORNELII
846 1406 1160 1487 FRONTONIS

161 1536 163 1539 ’
268 1573 603 1649 EPISTULARUM
628 1574 694 1649 An
719 1575 768 1649 n.
787 1575 1040 1648 clusinam
1065 1577 1125 1648 m
1152 1575 1352 1649 maican

655 1739 844 1807 arana
879 1742 959 1828 Π.)2

465 1963 497 2028 Ι.
528 1963 693 2048 (Domino
715 1937 791 2029 lieo
815 1964 958 2031 Caesari
982 1964 1146 2047 Fronto.)

322 2097 572 2162 ³Posierioribus
593 2098 710 2163 litteris
732 2100 814 2183 tuis,
840 2121 896 2163 cur
918 2099 1095 2162 orationem
1117 2101 1152 2162 in
1175 2102 1287 2162 senatu
1310 2122 1376 2162 non

236 2200 451 2283 recitaverim,
481 2200 653 2284 requisisli.
698 2202 744 2264 At
772 2224 831 2285 ego
860 2205 893 2265 el
920 2202 1023 2265 edicio
1051 2202 1173 2285 gratias
1196 2222 1291 2284 agere
1313 2200 1375 2264 Do-

235 2301 323 2365 mino
349 2324 419 2365 meo
448 2304 533 2385 patri
560 2306 615 2366 tuo
638 2303 752 2385 debeo3
784 2304 840 2366 sed
868 2304 1006 2367 edictum
1033 2303 1159 2386 quidem
1182 2302 1376 2365 circensibus

235 2402 353 2466 nosbris
380 2425 573 2487 proponam,
607 2404 696 2468 cuius
723 2404 918 2488 principium
945 2405 978 2467 id
1000 2404 1105 2487 ipsum
1128 2404 1203 2468 erit:
1225 2442 1268 2452 —
1291 2406 1376 2479 Orra⁴

236 2511 286 2568 die
303 2513 434 2585 primum
457 2511 600 2583 beneficio
622 2514 749 2570 maximi
763 2500 918 2586 principis
939 2511 1057 2569 ederem
1079 2513 1282 2585 spectaculum
1304 2529 1375 2585 pro-

234 2612 376 2670 tissc'mum
392 2614 509 2687 popolo
523 2615 713 2687 maximeque
722 2615 890 2689 populere}
908 2615 1108 2687 tempestivam
1123 2614 1246 2672 duxisse
1257 2616 1377 2686 pretias

236 2728 330 2786 apere
351 2719 383 2772 ut
405 2714 482 2773 idem
504 2716 568 2774 dics
593 2749 636 2759 —
663 2708 716 2773 hic
739 2709 845 2793 aliqua
872 2713 1023 2793 sequatur
1044 2709 1181 2794 tulliana
1203 2710 1374 2774 conclusio.

237 2809 424 2874 Orationem
446 2815 553 2875 autem
574 2812 609 2874 in
632 2814 746 2874 senatu
768 2811 910 2874 recitabo
925 2811 1070 2895 augustis
1084 2812 1200 2875 idibus.
1235 2810 1375 2886 Quaeras

235 2913 371 2977 fortasse
395 2935 451 2978 cur
471 2912 606 2978 tardem
634 2913 784 2997 quoniam
807 2934 866 2998 ego
889 2935 1063 2998 numquam
1084 2913 1241 2996 primuml
1270 2913 1375 2978 officio

236 3014 381 3080 sollemni
409 3037 535 3100 quoquo
556 3017 649 3079 modo
670 3015 764 3098 fungi
786 3037 931 3098 propero,
976 3014 1053 3097 seu,
1083 3018 1119 3077 ut
1146 3017 1252 3077 lecum
1280 3038 1375 3098 agere

236 3116 334 3180 debeo
356 3117 425 3180 sine
446 3117 520 3181 fuco
549 3119 581 3180 el
603 3117 672 3179 sine
695 3116 900 3200 ambagibus,
936 3116 1039 3178 dicam
1069 3116 1144 3199 quir]
1174 3138 1245 3179 cum
1268 3117 1375 3180 animo

235 3240 305 3281 meo
326 3222 481 3302 reputem.
511 3218 627 3282 Divom
641 3217 843 3280 Hadrianum
859 3239 950 3280 avom
965 3220 1056 3280 tuum
1070 3217 1197 3281 laudavi
1212 3219 1247 3281 in
1261 3222 1375 3282 senatu

236 3342 462 3403 saepenumero
484 3320 589 3383 studio
611 3320 745 3403 inpenso
769 3322 801 3382 el
823 3340 981 3402 propenso
1003 3340 1141 3402 quoque:
1165 3323 1198 3382 el
1215 3324 1291 3383 sunl
1307 3342 1374 3382 ora-

235 3423 339 3485 tiones
360 3422 441 3485 isbae
463 3423 645 3505 frequentes
668 3421 703 3483 in
724 3422 866 3483 omnium
894 3408 1052 3484 manibus
1098 3420 1299 3484 Hadrianum
1322 3445 1374 3484 au-

235 3526 301 3586 lem
316 3545 385 3607 ego,
409 3524 493 3608 quorl
514 3525 598 3587 bona
620 3523 715 3586 benia
737 3522 867 3605 pietalis
885 3525 959 3584 tuae
975 3522 1095 3584 dictum
1110 3523 1162 3604 sit,
1186 3513 1223 3585 ul
1237 3507 1375 3586 Martem
1403 3528 1406 3533 ’

236 3623 422 3708 Gradivum,
451 3628 488 3687 ut
515 3624 624 3688 Ditem
645 3624 789 3705 Patrem,
817 3624 993 3707 propitium
1021 3626 1053 3687 et
1079 3623 1242 3706 placatum
1269 3626 1374 3708 magis

235 3725 330 3809 volni,
354 3749 449 3810 quam
471 3726 585 3790 amavi.
628 3724 776 3810 Quarel?
798 3725 873 3809 quia
895 3725 936 3788 ad
951 3726 1122 3790 amandum
1137 3726 1253 3790 fiducia
1268 3726 1375 3809 aliqua

320 3893 482 3963 lSequitur
508 3896 615 3948 Graeca
644 3895 774 3963 epistola,
809 3911 880 3962 quae
908 3894 1084 3948 continuatur
1109 3894 1238 3948 Vaticani
1266 3895 1374 3948 Codicis

234 3996 261 4047 p.
276 3983 324 4031 166
342 3980 370 4032 et
389 3985 445 4032 165.
469 3980 573 4033 lterum
590 3979 693 4046 legitur
710 3978 780 4032 haec
798 3977 961 4045 epistolam
978 3978 1106 4031 Ambros.
1126 3977 1191 4031 Cod.
1206 3997 1233 4046 p.
1246 3985 1306 4032 157:
1325 3979 1373 4032 illo

233 4062 295 4115 loco
315 4062 443 4117 exhibere
462 4079 525 4116 eam
542 4063 626 4116 malui
645 4080 707 4116 cum
726 4062 824 4116 ceteris
844 4062 970 4130 epistolis
989 4061 1110 4115 Graecis.

318 4146 403 4200 aHic
420 4148 477 4202 fere
495 4146 630 4215 incepisse
653 4146 767 4200 coniicio
795 4148 913 4200 alterum
930 4146 1044 4211 librum,
1067 4146 1116 4200 sed
1137 4145 1240 4200 indicia
1261 4163 1374 4216 prorsus

234 4231 311 4285 ceria
328 4230 434 4285 desunt.
1429 4293 1432 4300 ,

318 4322 333 4369 3
351 4314 451 4384 Incipit
469 4315 534 4370 0οά.
547 4315 611 4369 vat.
630 4334 657 4384 p.
673 4320 726 4369 160.
764 4314 891 4383 Spatium
908 4331 1025 4368 vacuum
1041 4314 1121 4367 unius
1135 4332 1237 4380 versus,
1255 4316 1373 4371 fortasse

234 4400 270 4454 ob
288 4399 463 4453 scribendum
481 4399 616 4469 epistolae
634 4400 754 4454 tilulum.

316 4484 394 4536 rica
412 4483 512 4539 Codex.

318 4574 333 4622 ὅ
351 4568 492 4622 Fortasse:
511 4589 556 4622 eur
575 4580 624 4622 tam
643 4574 725 4622 tarde.
758 4572 874 4622 Orellius.

241 4672 243 4676 ·
318 4651 470 4706 GOrelllus
492 4653 610 4706 mamili:
633 4659 739 4721 primum
762 4659 877 4722 quoniam
895 4673 941 4721 epo
959 4674 983 4707 n.
1002 4669 1025 4707 0.
1069 4654 1219 4722 Haupbius:
1244 4677 1373 4724 nrrruquom

234 4742 436 4807 quamprimum.

318 4828 332 4876 7
350 4822 394 4874 lta
411 4838 510 4876 revera
526 4822 555 4875 in
572 4823 652 4876 textu
668 4821 780 4891 legitur,
799 4840 968 4891 quamquam
985 4826 1071 4892 negat
1088 4823 1186 4877 Maius.
