3300 5950
286 788 349 851 222
530 786 566 838 Μ.
581 784 749 838 CORNELII
766 782 972 837 FRONTONIS
990 782 1189 836 EPISTULAE

288 958 431 1020 oratione
454 956 604 1019 laudatus
627 958 690 1019 cst:
712 958 749 1018 ut
770 953 851 1018 mihi
876 954 930 1018 ille
954 953 1099 1017 videatur
1126 953 1260 1015 nonita
1283 953 1348 1015 suis
1370 953 1431 1015 vir-

287 1058 425 1141 tut—ibus,
449 1060 485 1120 ut
508 1055 669 1121 Ciceronis
691 1056 849 1139 laudibus,
872 1055 1013 1140 Magnus
1036 1054 1330 1138 cognominatum&

375 1158 456 1221 Tum
476 1161 643 1242 praeterea
664 1159 766 1222 multa
788 1159 861 1222 istic
884 1159 1022 1241 reperies
1044 1157 1266 1241 praesentibus
1290 1156 1431 1219 consiliis

286 1262 351 1324 tuis
375 1261 481 1344 capita
497 1264 572 1344 apte
588 1260 798 1342 considerata,
824 1260 862 1322 dc
878 1260 1011 1323 ducibus
1029 1260 1225 1323 exercituum
1248 1258 1429 1342 deilligen-

287 1363 345 1444 dis,
370 1362 408 1424 de
427 1362 599 1424 commodis
615 1362 783 1443 sociorum,
807 1362 910 1425 tutela
927 1362 1175 1444 provinciarum,
1199 1360 1237 1423 de
1261 1409 1268 1423 .
1295 1360 1336 1442 .³‚
1360 1362 1430 1423 tum

287 1463 401 1547 quibus
425 1462 547 1526 artibus
575 1463 735 1545 praeditos
766 1485 834 1526 esse
861 1465 1007 1546 oporteat
1028 1463 1236 1546 imperatores
1265 1459 1317 1547 [ob
1340 1483 1429 1524 suam

289 1567 321 1626 et
345 1563 532 1650 ceterorum]
564 1614 570 1627 .
597 1612 605 1628 .
628 1566 786 1627 tractatus
812 1614 818 1628 .
846 1586 955 1647 ,quas
984 1614 991 1627 .
1017 1613 1024 1626 .
1053 1563 1298 1626 intentionem.
1325 1612 1331 1624 .
1356 1584 1429 1625 con-

288 1668 385 1728 suevi.
424 1663 474 1728 Ne
498 1714 505 1727 .
532 1715 539 1727 .
563 1666 621 1727 sim
648 1715 655 1728 .
682 1715 688 1729 .
713 1666 788 1748 quid
812 1688 872 1750 ego
894 1666 1020 1729 intento
1043 1665 1162 1728 maiore
1184 1664 1235 1727 vel
1258 1664 1430 1747 aliquando

288 1787 400 1849 reprae
433 1816 439 1828 .
466 1815 473 1829 .
499 1815 506 1828 .
536 1767 672 1829 arbitror
694 1768 893 1849 profuturam
915 1767 993 1831 velis
1016 1767 1193 1829 dumtaxat.
1239 1765 1283 1828 Et
1304 1765 1332 1828 si
1359 1766 1429 1848 quis

290 1916 296 1929 .
323 1916 329 1929 .
354 1868 437 1951 quod
465 1869 558 1951 inpar
582 1916 589 1930 .
615 1868 643 1930 .·¹
687 1867 798 1950 Neque
828 1868 907 1931 mihi
935 1888 1130 1950 suscenseas²
1160 1867 1243 1949 quod
1270 1888 1336 1929 non
1358 1888 1429 1929 mea

287 1991 384 2031 manu
406 1969 467 2031 tibi
489 1968 721 2051 rescribserim,
745 1969 935 2052 praesertim
958 1990 1029 2032 cum
1051 1991 1070 2031 a
1092 1970 1125 2031 tc
1144 1970 1200 2031 tua
1215 1989 1313 2030 manu
1331 1967 1428 2030 scrib·

287 2071 337 2131 tas
360 2069 484 2132 litteras
508 2071 695 2153 acceperim.
741 2068 862 2153 Digitis
886 2070 1054 2132 admodum
1075 2068 1225 2132 invalidis
1247 2090 1334 2131 nunc
1356 2072 1429 2131 utor

287 2172 320 2232 et
352 2170 616 2233 detractantibus
663 2170 744 2234 Tum
776 2171 857 2234 haec
890 2170 1027 2254 epistula
1058 2170 1232 2233 multorum
1258 2170 1428 2233 verborum

286 2270 454 2353 indigebat
462 2272 483 2353 ⁵,
508 2294 579 2334 mea
602 2274 709 2334 autem
731 2271 861 2336 dextera
884 2293 997 2335 manus
1020 2271 1081 2335 hac
1102 2273 1294 2354 tempestate
1311 2293 1427 2354 pauca-

286 2391 357 2433 rum
379 2370 570 2435 litterarum.

619 2495 693 2569 Lepi
719 2496 888 2556 Emendavi
907 2498 960 2571 qui
984 2512 1089 2573 supro.
1162 2505 1167 2512 '

700 2625 745 2688 n.
768 2624 1025 2719 raouroms

651 2742 699 2795 Du
717 2742 849 2796 Rumor
867 2743 1058 2798 PARTHICO.

372 2931 440 2981 ala
466 2935 590 2997 marpine:
626 2927 664 2981 Ut
692 2927 760 2982 mihi
784 2928 934 2999 Pompeius
958 2929 1085 2985 videatur
1114 2947 1170 2985 non
1198 2930 1239 2984 ita
1265 2960 1296 2967 ——
1323 2923 1429 2999 cogno-⁸

287 3011 416 3065 minatus.

371 3205 383 3249 1
403 3199 481 3251 Hanc
498 3197 645 3252 lectionem
663 3199 751 3252 Maius
769 3216 784 3253 e
802 3200 928 3268 margine
947 3200 1046 3266 habet;
1064 3201 1093 3255 in
1111 3204 1192 3256 textu
1210 3201 1325 3270 legitur:
1352 3203 1398 3256 AC
1418 3247 1424 3256 .

285 3281 378 3335 unu.
400 3281 553 3335 rarus:
572 3282 598 3334 h.
619 3298 651 3347 a,
670 3283 701 3335 ue
718 3283 786 3335 mni
803 3283 926 3350 vinear,
945 3268 1208 3354 aeque'anapaus.

370 3373 385 3419 2
403 3365 504 3434 Incipit
522 3364 587 3419 Cod.
607 3384 633 3435 p.
654 3372 711 3432 215,
730 3367 861 3432 obscura3
879 3367 924 3420 vix
942 3385 1033 3437 pauca
1051 3369 1170 3423 conferri
1187 3373 1311 3439 possunt.

369 3449 505 3518 3Supple
532 3468 616 3502 unum
642 3451 765 3504 verbum.
803 3456 897 3509 Maius.
937 3453 1122 3507 Buttmannus
1152 3453 1259 3506 scribite
1289 3461 1425 3523 ‹liseiplr'ua

284 3538 384 3585 militum
402 3532 460 3586 sine
479 3539 519 3591 de.

368 3623 385 3668 4
403 3617 434 3669 ln
450 3616 492 3670 his
511 3618 615 3671 lacunis
634 3619 738 3672 cubant
755 3637 851 3674 versus
868 3620 965 3676 XXVI.
1002 3627 1098 3676 Maius.

369 3707 384 3753 5
403 3700 508 3754 Codex:
531 3710 629 3755 multum
647 3708 777 3758 verborum
794 3709 933 3774 ingerebat.
970 3705 1095 3761 Correxit
1112 3707 1305 3762 Buttmaunus.

370 3790 384 3836 6
403 3785 446 3838 lta
464 3784 564 3839 Codex.
601 3786 645 3838 Pr.
664 3803 701 3839 m.
721 3791 795 3845 Belo.
