3300 5950
600 794 649 846 ΑΙ)
667 792 801 846 AMICOS
818 792 927 846 LIBEE
944 793 978 847 Il.
1300 794 1361 857 189

176 980 178 984 '
222 966 302 1051 ¹[cui
321 964 471 1029 Callistus
493 962 653 1051 lacrimas]
673 1014 678 1026 .
698 1014 705 1026 .
726 1014 732 1026 .
756 965 907 1046 patrem.
934 1012 941 1025 .
966 963 1100 1046 adeptus
1124 984 1157 1025 es
1177 1012 1183 1024 .
1204 1012 1211 1023 .
1235 962 1360 1044 quia..

220 1068 374 1152 gaudeo.
402 1067 495 1128 ,et.
522 1115 529 1128 .
559 1065 652 1128 hodie
677 1115 683 1127 .
710 1114 717 1127 .
742 1086 810 1127 esse
834 1064 861 1127 si
905 1063 999 1127 hodie
1025 1115 1031 1127 .
1059 1114 1065 1127 .
1089 1086 1180 1127 mens
1205 1114 1211 1127 .
1239 1114 1278 1126 ..
1323 1064 1362 1127 In

219 1170 325 1232 forum
353 1166 517 1231 descendit
544 1165 706 1229 natalibus
734 1165 868 1248 nobilia,
899 1166 937 1228 de
964 1166 1034 1228 foro
1064 1166 1158 1228 rediit
1180 1165 1363 1247 eloquenda

220 1292 315 1353 quam
337 1291 456 1353 genere
478 1267 645 1331 nobilior².

548 1392 625 1465 leci
646 1378 815 1449 Emendavi
834 1394 888 1464 qni
906 1386 1032 1466 saprn3.

636 1521 680 1585 M.
703 1520 952 1586 FRONTONIS

500 1645 805 1705 EPISTULARUM
833 1646 893 1703 AD
921 1645 1081 1705 AMICOS

717 1740 823 1793 LIBER
840 1740 861 1793 Ι.

667 1829 916 1907 FRONTONIS

574 1943 830 1997 EPISTULARUM
847 1943 956 2006 urana
972 1944 1007 1997 Π.

807 2188 818 2194 .-
823 2187 894 2196 n...-

360 2405 363 2408 ·
386 2368 716 2434 ⁴EPISTULARUM
744 2369 806 2435 AD
829 2368 994 2434 AMICOS
1023 2368 1142 2432 LIBRI
1164 2368 1197 2431 II

721 2515 859 2574 INDEX.

225 2648 237 2695 l
261 2646 391 2695 Volumnio
409 2644 549 2705 Quadrato.
822 2646 837 2692 7
859 2644 938 2692 Arrio
956 2644 1092 2694 Antonino.

291 2725 402 2779 Secreto
421 2725 556 2779 habebor.
663 2773 667 2780 ,
874 2723 952 2777 Sicut
970 2740 1017 2777 eos
1036 2725 1091 2791 qui.

222 2818 238 2864 2
260 2815 391 2865 Volumnio
409 2813 550 2874 Quadrato.
822 2814 839 2861 8
858 2813 939 2863 Arrio
958 2813 1097 2865 Antonino,

291 2893 439 2949 Castricius
457 2895 557 2946 noster.
873 2893 1005 2946 Gratulor
1022 2892 1090 2946 mihi
1107 2894 1264 2962 plerosque.

222 2989 238 3035 3
260 2986 390 3036 Volumnio
409 2982 550 3043 Quadrato.
822 2985 838 3031 9
859 2983 941 3032 Arrio
961 2984 1100 3033 Antoniae.

173 3082 180 3088 ·
289 3066 402 3133 Legem,
420 3064 466 3116 fili.
874 3062 1040 3117 Valerianus
1060 3063 1201 3117 Clitianus.

221 3155 238 3201 4
258 3154 375 3204 Cornelio
393 3153 543 3216 Repentino.
733 3138 736 3141 ⁵
808 3153 841 3200 10
862 3151 911 3199 III
916 3151 988 3200 Viris
1008 3159 1033 3201 et
1052 3153 1243 3202 Decurionibus

290 3233 404 3298 Fecisti,
422 3233 509 3286 frater
527 3232 666 3285 Contucci.
874 3232 954 3285 Meae
972 3231 1078 3300 gloriae
1095 3232 1192 3286 totius.

223 3325 239 3372 5
256 3320 364 3386 [Canio]
383 3320 506 3373 Monimo.
809 3323 838 3369 ll
859 3321 987 3371 IIIViric
1005 3329 1030 3371 et
1048 3322 1242 3372 Decurionibus.

291 3401 371 3471 (Cum
388 3400 567 3470 gravitatem)
574 3405 593 3454 ⁶.
697 3441 699 3445 ,
875 3400 1002 3465 Quantae
1020 3401 1088 3453 mihi
1106 3419 1188 3454 curae
1194 3406 1213 3455 ⁷.

223 3496 239 3543 6
259 3493 339 3542 Arrio
358 3491 496 3540 Antonino.

290 3572 408 3626 Multum
426 3570 585 3624 amicorum.

309 3834 322 3879 1
340 3825 411 3878 Exin
432 3825 533 3879 lacuna
554 3825 598 3878 est
619 3842 747 3880 versuum
763 3824 866 3892 XXVI,
888 3842 1006 3894 quorum
1027 3844 1083 3880 non
1100 3826 1153 3880 nisi
1170 3842 1261 3894 pauca
1278 3826 1365 3880 verba

225 3912 378 3979 aucupatus
396 3927 464 3962 sum.
501 3913 595 3963 Maius.

308 4001 324 4047 2
342 3994 419 4047 Haec
435 3992 533 4047 ultima
549 3993 688 4048 cantantia
706 4011 720 4048 e
739 3995 866 4064 margine
885 3997 936 4048 est.

309 4085 325 4132 3
343 4076 515 4146 Subscriptio
532 4077 616 4132 hodie
633 4078 725 4148 periit.

309 4169 326 4216 4
343 4160 443 4231 Incipit
461 4159 527 4216 Cod.
544 4179 573 4232 p.
592 4168 651 4229 292,
671 4163 877 4229 obscurissima,
895 4180 967 4232 qnae
984 4163 1030 4218 vix
1048 4161 1167 4216 conferri
1184 4162 1285 4231 potuit

311 4252 326 4301 5
344 4247 387 4302 Ita
404 4246 533 4315 legebam
550 4246 579 4300 in
596 4245 695 4301 indice.
722 4247 787 4300 Mox
804 4249 900 4301 tamen
916 4248 946 4300 iu
964 4247 1060 4302 ordine
1079 4246 1224 4300 evidentur
1241 4258 1366 4300 secretum

226 4334 341 4385 servabo.
376 4335 471 4385 Maias.

311 4419 326 4467 6
343 4414 397 4468 Vix
414 4414 512 4469 dubito
530 4416 596 4484 quin
613 4415 683 4470 haec
700 4415 785 4469 fuerit
801 4416 851 4470 illa
863 4416 990 4486 epistula,
1009 4433 1094 4484 quam
1112 4414 1176 4469 dedi
1192 4415 1221 4467 in
1238 4415 1311 4469 libro
1329 4415 1367 4469 ad

227 4499 319 4567 Pium,
345 4498 411 4568 quia
431 4499 489 4553 illio
510 4500 539 4554 et
561 4502 692 4555 contenta
712 4499 765 4553 fuit
787 4501 816 4554 et
839 4517 902 4554 eam
918 4501 1038 4555 retinere
1056 4499 1134 4554 liciat
1150 4501 1268 4569 propter
1285 4517 1366 4568 argu·

226 4582 374 4637 mentioni
390 4585 527 4638 naturam.
563 4590 657 4642 Maius.
705 4607 709 4613 ·

312 4674 326 4722 7
346 4666 454 4722 Codicis
475 4669 596 4738 spatium
622 4669 800 4724 obscuratum
822 4669 896 4724 inter
919 4668 1055 4738 epistulae
1078 4678 1187 4737 quantae
1209 4673 1268 4723 nini
1289 4689 1366 4723 curae

226 4753 339 4806 titulum
361 4751 524 4820 initiumque
546 4752 612 4807 libri
628 4771 685 4808 ncn
701 4755 764 4824 plus
782 4754 858 4824 capit
880 4771 965 4822 quam
988 4754 1112 4820 quatuor·
1129 4752 1247 4806 aliarum
1264 4752 1365 4822 epistu-

227 4837 317 4890 larum
326 4836 431 4901 titulos‚
444 4836 467 4890 si
475 4838 570 4891 tamen
581 4836 610 4889 id
622 4839 743 4906 spatium
753 4840 846 4892 totum
858 4839 997 4909 scriptura
1009 4838 1174 4906 occupatum
1186 4836 1246 4890 fnit
1273 4840 1367 4892 Maius.
