3300 5950
497 788 546 842 AD
567 790 603 843 M.
622 788 842 864 ANTONINUM
859 790 907 842 DE
924 789 1163 854 ELOQUENTIA.
1343 790 1402 854 147

260 962 367 1045 fingit,
390 962 568 1025 orationem
590 983 679 1024 suam
703 961 757 1024 alii
780 961 980 1025 accomodat:
1003 966 1103 1026 ταῦτα
1125 964 1158 1025 δ’
1181 962 1263 1026 ἐετὶν
1286 960 1402 1038 αὔξειν,

261 1064 490 1140 διαεκευάῑειν,
513 1065 747 1143 ἐξεργάζεεθαι,
769 1065 867 1130 πάλιν
891 1065 1011 1140 λέγειν,
1039 1064 1272 1146 ἐπαναφέρειν,
1302 1064 1403 1141 παρά-

261 1186 365 1242 πτειν,
388 1166 679 1245 προεωποποιεῑνῑ.
766 1173 768 1179 “

346 1267 486 1331 Videsne
519 1269 559 1331 ab
588 1290 624 1330 eo
658 1289 760 1351 paene
790 1268 898 1331 omnia
930 1271 1093 1331 oratorum
1126 1289 1215 1330 arma
1247 1265 1404 1330 tractari?

262 1369 366 1453 Igitur
394 1370 421 1444 si,
449 1370 519 1453 ipse
549 1369 747 1451 Chrysippus
775 1368 825 1431 his
854 1369 1009 1432 utendum
1031 1391 1099 1432 esse
1122 1369 1298 1450 ostendit²‚
1328 1368 1404 1451 quid

262 1493 322 1555 ego
345 1472 481 1554 amplius
504 1470 646 1554 postulo,
679 1470 743 1533 nisi
772 1473 808 1533 ut
836 1492 876 1533 ne
902 1471 1027 1534 verbis3
1057 1470 1313 1552 dialecticorum,
1349 1468 1405 1532 sed

261 1573 367 1656 potius
396 1572 541 1636 Platonis
571 1623 577 1635 .
610 1620 1402 1636 .........................

263 1724 436 1737 ......
447 1675 495 1759 ll.
521 1725 528 1738 .
555 1724 561 1737 .
594 1673 708 1737 Gladio
731 1674 962 1756 dimicandum
986 1674 1041 1736 sed
1062 1674 1199 1737 interest
1220 1673 1405 1757 robiginoso

263 1798 304 1839 an
327 1776 494 1858 splendido
519 1824 760 1838 ........
786 1776 1041 1839 cumben...
1086 1775 1302 1859 Epictetum.
1329 1824 1336 1836 .
1362 1823 1403 1837 ..

262 1878 425 1940 sedentem
450 1927 456 1940 .
484 1927 490 1939 .
517 1927 524 1939 .
548 1876 579 1939 la
600 1876 750 1959 placebat
768 1926 774 1939 .
794 1926 801 1939 .
819 1878 846 1939 si
869 1898 964 1939 ausus
987 1881 1080 1959 esset,
1105 1876 1403 1960 epitaphium...

263 1981 319 2040 aut
341 1981 392 2053 sat
416 2028 422 2040 .
449 2027 456 2040 .
480 2000 573 2040 suum
597 2026 770 2041 ......
775 2026 777 2029 >
796 2027 1005 2042 .......
1033 1978 1123 2041 illam
1144 1977 1198 2040 lau
1222 2026 1229 2041 .
1256 2028 1263 2040 .
1290 2027 1296 2039 .
1323 1998 1405 2041 .ma

262 2080 448 2161 pertulisset
473 2127 713 2142 ........
724 2079 736 2117 1
760 2128 1002 2144 ........
1026 2080 1075 2143 ira
1105 2127 1347 2143 ........
1371 2098 1407 2141 sa

265 2230 272 2242 .
299 2230 305 2242 .
333 2230 340 2242 .
364 2181 423 2244 sub
446 2179 559 2242 umbra
583 2229 590 2242 .
617 2230 623 2242 .
650 2229 657 2242 .
681 2180 759 2243 nihil
781 2203 923 2264 unquam
947 2230 954 2243 .
981 2230 988 2243 .
1012 2180 1119 2244 nioni's
1137 2229 1144 2243 .
1165 2230 1172 2242 .
1195 2182 1245 2242 tot
1267 2182 1299 2243 et
1322 2201 1355 2242 es
1372 2228 1404 2242 ..

263 2280 296 2345 si
319 2304 356 2344 us
377 2302 509 2365 ..egge
534 2331 541 2343 .
568 2330 574 2343 .
599 2280 814 2365 Anaxagorae
836 2303 902 2345 non
925 2282 1056 2345 Alexini
1078 2279 1296 2364 sycophantae
1319 2281 1406 2343 audi-

262 2382 332 2445 tor⁷
357 2433 363 2445 .
391 2433 397 2445 .
423 2404 578 2446 conamen
609 2432 615 2445 .
650 2433 656 2445 .
690 2433 696 2445 .
730 2431 1404 2446 .....................

265 2534 272 2547 .
432 2484 506 2569 13.
532 2533 539 2547 .
566 2534 572 2547 .
618 2484 775 2569 Tragicus
798 2484 943 2567 Aesopus
976 2484 1081 2547 fertur
1108 2504 1174 2546 non
1197 2485 1286 2566 prins
1308 2483 1407 2546 ullam

263 2608 319 2652 suo
340 2586 483 2649 induisse
506 2586 604 2669 capiti
631 2608 818 2670 personam⁷
843 2590 1016 2671 antequam
1038 2586 1093 2649 diu
1116 2608 1155 2648 ex
1177 2578 1309 2649 adverso
1333 2607 1405 2649 con-

263 2688 474 2771 templaretur
495 2708 553 2769 pro
574 2709 730 2771 personae
752 2688 844 2751 vultu
866 2691 994 2772 gestum
1017 2687 1078 2750 sibi
1106 2673 1271 2770 capessere
1294 2708 1332 2750 ac
1353 2709 1405 2750 vo-

263 2811 331 2852 cem
356 2838 530 2852 ......
554 2789 753 2853 stillicidiis,
781 2839 788 2853 .
814 2838 821 2853 .
848 2789 876 2852 ‚⁹
920 2790 975 2852 An
997 2789 1150 2852 maiorem
1159 2789 1183 2828 ¹⁰
1205 2788 1406 2872 tragoediam

262 2894 356 2973 putas
371 2889 637 2973 Amphiaraum¹l
655 2891 803 2973 scribere,
829 2913 925 2973 quam
947 2890 985 2953 de
1007 2894 1166 2955 terrarum
1188 2888 1279 2951 hiatu
1301 2890 1406 2953 dicere

265 3043 271 3054 .
298 3042 305 3055 .
332 2992 424 3054 .¹2tu
448 2993 486 3054 de
507 2992 642 3054 fulmine
666 2992 810 3075 disputas
836 3041 842 3055 .
870 3042 877 3055 .
901 2993 976 3056 bere
999 3014 1120 3076 qnam,
1146 3041 1154 3055 .
1178 2991 1305 3073 quando
1330 3041 1336 3054 .
1363 3042 1370 3054 .
1397 3042 1404 3056 .

349 3150 361 3195 1
381 3142 447 3195 Cod.
467 3148 665 3209 προεωποιεῑν.
702 3143 839 3196 Petuntur
865 3143 934 3196 haec
956 3159 970 3195 3
994 3142 1143 3211 Chrysippi
1169 3144 1230 3196 arte
1255 3143 1404 3209 rhetorica,

263 3243 347 3294 qnam
364 3215 507 3280 memorat
523 3226 657 3280 Laertius.
686 3231 778 3284 Maius.
814 3226 853 3280 Cf.
878 3227 996 3296 Baguet.
1021 3227 1173 3281 Comment.
1198 3227 1232 3281 de
1251 3226 1404 3296 Chrysippo

262 3329 289 3379 p.
309 3317 366 3364 254.
403 3310 532 3364 Ceterum
550 3313 709 3378 παράπτειν
728 3327 761 3364 ex
778 3310 852 3364 Edit.
872 3311 951 3365 Item.
972 3312 1026 3376 est3
1047 3311 1076 3363 in
1094 3310 1167 3366 Edit.
1186 3310 1296 3365 Mediol.
1317 3312 1405 3364 Maius

200 3408 202 3412 ·
262 3395 414 3464 scripserat
436 3401 585 3462 παρειπεῖν
610 3412 661 3464 pro
685 3411 718 3450 eo
741 3395 816 3464 quod
834 3395 863 3448 in
882 3395 982 3450 Codice
999 3397 1109 3464 legerat
1131 3401 1291 3462 παραιπεῑν.
1326 3396 1406 3449 Butt

262 3497 378 3533 mannus
401 3480 526 3533 malebat
547 3485 701 3546 παραινεῖν.
739 3479 851 3533 Amicus
872 3480 973 3548 legisse
994 3478 1104 3534 videtur
1127 3482 1298 3547 παράπτειν·
1330 3482 1405 3534 certe

261 3565 330 3617 nihil
347 3564 501 3619 adnotavit.

346 3655 361 3702 2
380 3649 446 3703 Cod.
463 3668 506 3718 pr.
525 3667 561 3703 m.
581 3656 728 3704 ostendisse.

346 3742 361 3789 3
380 3734 558 3789 Niebuhrius:
581 3740 700 3802 verudata,
720 3735 780 3789 coll.
799 3735 877 3804 Virg.
897 3734 965 3788 Aen.
984 3733 1044 3788 VII.
1064 3740 1121 3788 665.

344 3825 360 3871 4
379 3818 509 3887 Sequitur
518 3817 584 3872 Cod.
594 3837 623 3887 p.
633 3825 694 3892 391,
714 3836 785 3887 quac
795 3820 858 3873 tota
866 3819 962 3888 periit,
973 3822 1087 3888 praeter
1099 3837 1133 3874 ea
1147 3836 1219 3888 quae
1232 3821 1363 3890 leguntur
1375 3822 1404 3874 in

261 3906 395 3972 margine.
419 3903 452 3956 ln
463 3904 543 3956 textu
553 3903 600 3957 rix
612 3919 709 3958 cernas
725 3904 807 3958 haecz
828 3909 919 3959 Gladio
931 3909 1106 3959 dindrandum
1123 3924 1179 3958 3333
1191 3916 1282 3959 eontra
1289 3946 1351 3958 .....
1364 3926 1403 3959 re.

346 3995 361 4040 5
379 3988 411 4041 In
427 3987 481 4041 hoc
497 3988 655 4056 fragmento
674 3989 813 4056 quaedam
831 3989 895 4042 sunt
912 4005 983 4057 quae
1000 3988 1105 4043 amicus
1121 4007 1177 4042 non
1194 3990 1287 4058 potuit
1308 3989 1404 4057 digno-

262 4089 346 4139 scere,
364 4072 413 4125 sed
431 4071 553 4140 expressi
570 4070 625 4125 fide
642 4071 717 4126 Maii.

346 4163 361 4209 t
378 4158 411 4210 In
428 4156 554 4226 margine
573 4155 687 4210 alterius
706 4158 860 4212 columnae.

346 4242 505 4297 iPericles.
536 4243 569 4295 cs.
590 4240 644 4294 Cic.
664 4241 699 4295 de
718 4240 795 4296 Orat.
813 4242 861 4295 III.
880 4247 921 4296 34.
958 4247 1054 4299 Maius.
1089 4243 1168 4296 Adde
1187 4243 1262 4296 Orat.
1280 4249 1305 4309 4,
1324 4248 1362 4296 15.

345 4332 361 4379 8
379 4325 510 4394 Sequitur
522 4325 588 4380 Cod.
607 4343 634 4394 p.
648 4332 710 4393 390,
729 4342 801 4394 quae
819 4325 917 4379 itidem
933 4327 1018 4395 periit
1036 4329 1149 4396 praeter
1166 4328 1301 4395 quasdam
1319 4327 1404 4380 adno-

261 4411 380 4464 tationes
397 4411 427 4462 in
444 4411 578 4479 margine.

346 4502 361 4548 9
379 4495 410 4547 In
429 4495 519 4549 altera
537 4496 673 4550 columna.

330 4586 361 4633 10
378 4579 559 4633 Niebuhrius:
576 4587 696 4645 maiorem
713 4600 773 4635 rem.

329 4670 359 4716 11
380 4663 486 4717 Codex:
505 4669 679 4733 Amphionem.
1380 4704 1382 4709 ·

329 4755 360 4802 12
378 4749 422 4802 Du
439 4749 510 4802 Rieu
527 4747 566 4802 nil
583 4748 653 4804 vidit
670 4751 783 4819 praeter
801 4749 882 4804 haec:
904 4794 908 4803 .
930 4794 935 4803 .
956 4794 962 4803 .
982 4773 1006 4820 q.
1025 4772 1058 4804 ac
1077 4792 1217 4809 ......
1236 4759 1335 4808 lincaeo
1350 4795 1355 4806 .
1369 4759 1401 4806 de

257 4838 361 4899 salvatae
380 4840 413 4891 d.
428 4875 433 4888 .
446 4845 544 4902 sputos.

1137 4923 1198 4986 10*
