3300 5950
286 792 349 876 238
632 789 669 842 Μ.
690 788 858 843 CORNELII
874 787 1081 842 FRONTONIS

287 960 410 1023 homini
434 960 571 1041 credere,
595 959 749 1022 miraculo
772 959 970 1041 addubitare,
994 940 1110 1021 navern
1125 961 1157 1021 61
1172 960 1274 1021 socios
1293 957 1429 1040 navalis,

289 1062 364 1124 dum
392 1062 573 1144 reciperent
583 1061 602 1144 ¹,
638 1061 788 1144 opperiri.
833 1059 1008 1144 Postquam
1041 1060 1192 1143 cognovit
1223 1062 1351 1143 portum
1381 1061 1430 1123 in-

287 1166 407 1243 vectos
431 1163 500 1226 sine
522 1163 662 1226 tumultu
685 1162 808 1245 auoipi²
831 1162 934 1244 iubet3
957 1162 1046 1226 voltu
1069 1163 1160 1244 oorni,
1184 1162 1289 1225 verbis
1304 1162 1431 1226 lenibus

287 1269 505 1347 percontatur,
530 1264 761 1347 numquidnam
789 1286 886 1348 super
907 1264 1029 1327 Arione
1051 1263 1166 1327 Lesbio
1189 1265 1428 1346 comperissent.

222 1394 224 1398 ·
287 1365 339 1428 Illi
361 1367 457 1429 facile
480 1366 676 1447 respondent
697 1366 830 1429 Tarenti
855 1365 1004 1450 l³vidisse
1032 1365 1321 1429 fortunatissimum
1348 1388 1431 1429 rnor-

287 1466 405 1549 1616111,
447 1466 585 1530 seeundo
618 1488 742 1530 rumore
782 1474 889 1549 populi
925 1466 1037 1530 florere
1070 1468 1236 1551 pretioque
1269 1488 1355 1549 esse,
1388 1476 1432 1531 ci-

288 1574 382 1631 thara
411 1571 552 1631 eantare.
597 1566 701 1642 Quare
728 1568 848 1631 diutius
871 1590 978 1631 amora
1001 1571 1096 1650 atque
1118 1567 1208 1632 lucro
1231 1570 1264 1631 et
1284 1568 1432 1631 laudibus

288 1670 430 1732 retineri.
476 1669 555 1734 Curn
589 1669 668 1733 haee
699 1671 747 1733 ita
781 1670 940 1752 dicerent,
977 1670 1080 1734 Arion
1111 1670 1235 1753 inrupit
1267 1720 1407 1733 .....
1418 1671 1431 1708 ⁴

289 1778 333 1834 ita
355 1782 387 1834 at
408 1777 439 1834 ia
467 1778 566 1851 pappi
592 1773 741 1853 steterat,
773 1794 845 1835 oum
873 1775 962 1835 veste
990 1794 1067 1835 auro
1094 1772 1218 1835 intexta
1246 1775 1278 1835 61
1307 1771 1432 1834 eithara

288 1872 421 1956 insigni.
459 1872 640 1937 Praedones
662 1873 795 1956 inopino
816 1880 882 1936 visa
904 1874 1035 1937 Arionis
1059 1873 1194 1955 territi5,
1217 1874 1306 1936 tum⁶
1328 1895 1432 1955 neque

290 1974 458 2057 quicquam
491 1978 564 2057 post
595 1974 651 2037 illa
681 1995 801 2058 negare.
831 1977 888 2037 aut
919 1996 985 2038 non
1019 1975 1146 2038 credere
1179 1978 1235 2037 aut
1268 1975 1432 2057 deprecari

290 2075 358 2137 ausi
387 2078 470 2138 sunt.
517 2075 670 2157 Delphini
697 2074 824 2138 facinus
852 2082 895 2139 od
918 2080 1094 2159 Taenarum
1124 2075 1247 2157 visitur,
1280 2075 1432 2158 delphino

290 2176 432 2239 residens
469 2176 577 2258 honio,
616 2198 715 2259 parva
746 2177 851 2261 figura
886 2173 993 2261 [atque
1022 2176 1069 2264 ut]
1105 2180 1295 2261 argumento
1311 2173 1313 2179 ’
1327 2177 1432 2260 magis

290 2300 385 2360 quarn
408 2277 578 2340 simulacro
601 2278 786 2360 composita.

623 2401 701 2474 Lepi
722 2402 893 2461 Emendavi
913 2404 965 2475 qai
984 2418 1091 2477 supra.

701 2531 746 2594 M.
770 2531 1019 2596 FRONTONIS

801 2649 923 2702 ARION.

379 2843 391 2887 1
411 2837 454 2889 lta
471 2851 522 2906 pro
540 2855 568 2888 se
588 2841 743 2904 reciperent.
777 2839 872 2889 Maius.

376 2927 392 2972 2
410 2920 516 2973 Malim:
536 2926 624 2973 acciri.

377 3013 392 3058 3
410 3005 510 3074 Incipit
530 3005 594 3058 Cod.
613 3023 641 3074 p.
662 3010 718 3071 165,
736 3004 818 3059 hodie
837 3007 895 3059 fero
913 3004 1039 3059 evanida.
1058 3003 1258 3074 supplementa
1275 3007 1339 3058 sunt
1355 3004 1430 3058 Maii.

376 3096 393 3142 4
409 3090 517 3143 Desunt
535 3090 655 3143 litterae·
665 3088 864 3157 duodeviginti.

377 3180 392 3226 5
409 3174 499 3226 Maius
518 3174 630 3226 dubitat
647 3174 739 3225 utrum
761 3174 863 3242 legerit
879 3181 975 3227 terreri
995 3191 1030 3227 an
1049 3180 1140 3228 territi.
1175 3174 1287 3228 Amicus
1304 3173 1431 3228 vocabuli

293 3257 404 3311 ultimas
422 3258 529 3310 litteras
547 3274 603 3310 non
620 3257 713 3325 potuit
731 3257 910 3325 distinguere,
928 3259 978 3311 sed
989 3257 1017 3311 in
1028 3256 1136 3310 Codicis
1145 3258 1264 3311 lectione
1282 3258 1433 3311 INOPINA

294 3385 431 3398 ......
452 3340 595 3395 ONSTER
614 3385 619 3394 .
641 3385 646 3394 .
668 3384 673 3394 .
692 3385 697 3395 .
719 3341 764 3394 CU
778 3385 783 3394 .
797 3341 884 3408 NEQ‘,
903 3340 1091 3407 QUICQUAOE
1113 3342 1201 3396 latere
1224 3342 1432 3409 1116111111ρί-

293 3427 356 3479 nato
375 3427 433 3479 visu
452 3426 621 3480 consternati.
646 3427 731 3481 Recte
744 3426 937 3480 Berolinenses
948 3426 1077 3481 viderunt
1089 3428 1194 3496 aliquid
1206 3428 1350 3481 turbatum
1363 3443 1432 3479 esse.

377 3511 492 3564 bCod.:
510 3532 569 3564 earn.
