3300 5950
278 784 318 849 72
484 782 521 836 M.
535 781 705 837 CORNELII
722 782 930 842 FRONTONIS
948 778 1204 838 EPISTULARUM

276 954 366 1017 illam
387 954 491 1037 ipsam
523 954 703 1038 epistulam,
733 977 796 1038 qua
822 955 855 1018 id
882 955 1123 1039 significabam,
1153 956 1321 1019 scribendo
1344 957 1419 1022 dare

277 1077 406 1140 operam
421 1057 601 1140 nequirem3
623 1060 671 1122 set
686 1060 792 1121 uterer
808 1059 921 1121 contra
936 1078 1057 1121 morem
1071 1060 1218 1122 nostrum
1238 1108 1398 1123 ........
1410 1061 1417 1100 ¹

620 1311 667 1377 X.
703 1310 846 1395 (Caesar
869 1311 1072 1395 Frontoni).
1114 1257 1117 1260 Ι

363 1497 522 1511 .......
553 1454 628 1509 Vale
659 1454 702 1510 mi
727 1452 846 1511 Fronto
878 1454 961 1511 caris
978 1447 1003 1530 >²
1018 1448 1106 1511 sime.
1150 1448 1256 1512 Mater
1288 1471 1359 1512 mea
1386 1453 1419 1512 te

277 1549 406 1612 salutat.
451 1548 640 1613 Consulem3
662 1551 807 1613 nostrum
830 1549 935 1613 saluta
956 1553 989 1613 et
1010 1553 1191 1613 matronam
1212 1553 1364 1614 nostram.

630 1803 699 1869 XI.
734 1804 862 1869 Caesar
884 1803 1072 1869 Frontoni.
1122 1793 1128 1797 ’

361 1924 553 2003 Volentibus
576 1940 624 2003 dis
647 1961 736 2023 spem
758 1940 871 2003 salutis
893 1940 1039 2004 nancisei
1055 1939 1212 2005 videmur:
1236 1942 1298 2004 alvi
1314 1942 1418 2005 fluxus

278 2041 438 2124 constitit,
473 2041 648 2105 febriculae
682 2042 848 2124 depulsae:
878 2042 997 2105 macies
1015 2045 1139 2113 ,tamen
1169 2044 1354 2125 pertenuis⁴
1387 2047 1420 2106 et

275 2143 431 2206 tusioulae
453 2142 603 2207 nonnihil
630 2145 697 2206 rest
709 2145 742 2206 t.
787 2142 936 2206 Profecto
958 2144 1122 2228 intellegis
1150 2144 1188 2208 de
1210 2143 1342 2228 parvola
1364 2167 1418 2207 no-

277 2247 345 2307 stra
366 2243 541 2307 Faustina⁵
563 2244 643 2308 haeo
670 2266 721 2308 me
736 2244 810 2308 ‘tibi
833 2245 981 2328 seribere,
1006 2267 1063 2330 pro
1086 2267 1148 2328 qua
1176 2247 1255 2309 satis
1283 2247 1416 2329 egimus

278 2345 350 2408 Tibi
372 2346 520 2414 valetudo
543 2369 585 2413 an
599 2368 658 2429 pro
674 2368 744 2410 meo
767 2349 841 2410 voto
864 2369 898 2410 se
920 2347 1149 2431 adcommodat,
1173 2348 1226 2412 fao
1239 2348 1358 2431 seiam,
1374 2349 1416 2411 mi

277 2447 440 2532 magister.

628 2651 717 2717 XII.
749 2651 885 2717 Fronto
909 2651 1064 2717 Caesari.

361 2786 407 2851 Ut
429 2809 499 2871 ego,
524 2787 663 2870 (1110111,
689 2790 913 2851 consternatus
941 2811 1012 2851 surn
1038 2789 1122 2853 lecto
1148 2789 1241 2852 initio
1263 2790 1419 2873 epistulae

277 2889 368 2951 tuae!
397 2888 502 2972 qu0d⁶
527 2888 574 2951 ita
604 2888 759 2973 scriptum
785 2890 859 2972 fuit,
888 2894 925 2954 ut
951 2893 1043 2954 tuum
1071 2890 1199 2973 aliquod
1227 2891 1419 2955 valetudinis

277 2991 453 3074 perieulum
475 2991 652 3076 significari
675 2978 868 3076 suspicarer(
908 2991 1082 3075 Postquam
1108 2991 1222 3055 deinde
1244 2992 1316 3056 illut
1337 2993 1418 3078 peri-

278 3094 394 3175 eulum,
423 3093 506 3176 quod
529 3095 619 3177 quasi
640 3097 732 3158 tuum
754 3095 912 3177 principio
939 3092 1119 3158 fitterarum
1140 3096 1269 3157 tuarum
1292 3116 1419 3178 aecepe-

276 3217 356 3276 ram,
385 3195 470 3257 filiae
492 3197 567 3258 tuae
589 3194 761 3260 Faustinae
788 3196 888 3259 fuisse
919 3195 1094 3279 appernisti
1102 3196 1124 3277 ⁷,
1156 3198 1312 3278 quantum
1339 3196 1419 3259 mihi

276 3298 476 3380 permutatus
504 3299 552 3359 est
578 3298 692 3379 pavor!
721 3319 782 3362 neo
809 3301 1010 3380 permutatus
1041 3297 1145 3379 modo,
1178 3318 1289 3360 verum
1322 3298 1419 3360 etiam

277 3397 384 3461 neseio
406 3419 468 3481 quo
490 3401 584 3480 paeto
607 3399 755 3463 nonnihil
777 3399 970 3463 sublevatus
1026 3398 1124 3462 Dicas
1151 3398 1243 3462 licet:
1275 3398 1418 3462 leviusne

276 3499 336 3563 tibi
358 3498 461 3562 visum
484 3502 533 3562 est
553 3499 638 3563 ffliae
659 3523 749 3565 meae
771 3500 950 3583 perieulum
971 3522 1067 3584 quam
1088 3500 1218 3563 meum?
1244 3499 1346 3562 tibine
1372 3499 1418 3562 ita

276 3601 379 3664 visum
402 3599 621 3687 quipraefers
643 3601 832 3666 Faustinam
854 3602 905 3664 id8
926 3601 986 3664 tibi
1010 3624 1088 3684 esse,
1112 3601 1196 3685 quod
1210 3601 1314 3664 lucem
1336 3622 1418 3664 sere-

276 3725 363 3784 nam,
387 3702 470 3785 quod
492 3702 576 3766 diem
597 3703 726 3786 festum,
750 3704 834 3787 quod
852 3725 941 3787 spem
955 3703 1180 3787 propinquam,
1204 3702 1288 3787 quod
1309 3705 1419 3766 votum

363 3998 375 4043 1
395 3992 426 4044 In
444 3993 568 4045 extrema
584 3991 689 4061 pagina
708 3989 739 4054 Q.
758 3990 845 4043 VIIII.

361 4084 376 4128 2
394 4075 594 4129 Desiderantur
610 4075 731 4145 paginae
750 4076 878 4142 quatuor.
914 4074 1016 4144 Incipit
1034 4073 1100 4128 Cod.
1119 4075 1182 4128 Vat.
1202 4093 1229 4144 p.
1246 4080 1302 4128 142.

360 4160 521 4227 3Intellige
540 4176 622 4226 quern
639 4159 680 4213 vis
699 4176 732 4212 ex
750 4158 846 4214 amieis
869 4162 918 4212 aut
940 4158 1100 4213 necessariis
1118 4157 1278 4224 Frontonis,
1300 4159 1418 4212 fortasse

275 4246 398 4299 fratrem.
436 4249 530 4299 Maior.

361 4336 377 4383 4
396 4329 461 4383 Cod.
481 4347 522 4398 pr.
542 4346 578 4381 m.
598 4335 745 4397 penitentis.
819 4347 822 4351 ·

361 4421 376 4468 5
393 4413 516 4467 Domitia
533 4412 674 4480 Faustina,
693 4431 763 4484 quae
781 4416 879 4469 tenera
896 4417 990 4470 aetate
1008 4414 1109 4469 obiisse
1121 4415 1239 4468 videtur.
1270 4413 1417 4484 Inscriptio

275 4499 387 4554 inventa
405 4502 447 4553 est
463 4498 492 4551 in
509 4497 674 4551 Hadrianio:
694 4503 804 4554 Donn'eia
821 4505 954 4565 Faustina,
973 4504 1012 4554 M.
1025 4504 1128 4554 Aurelii
1140 4504 1260 4554 Caesarie
1275 4505 1338 4567 filia,
1357 4505 1418 4568 imp.

278 4589 400 4638 Antonini
418 4588 527 4652 Aupnsli
544 4586 598 4637 PP.
618 4589 711 4651 neptis.

361 4674 376 4721 6
395 4667 461 4721 eod.
480 4686 521 4737 pr.
541 4687 577 4720 m.
598 4678 665 4737 quot,

362 4758 375 4804 7
394 4752 518 4805 Alterum
535 4774 555 4821 p
574 4753 695 4806 deletum
714 4753 829 4808 videtur.

360 4842 376 4890 8
395 4836 460 4890 Cod.
479 4855 521 4907 pr.
541 4855 576 4890 m.
596 4849 630 4892 ιιι.
