3300 5950
285 772 345 838 182
490 770 526 824 Μ.
543 768 712 823 CORNELII
729 766 936 823 PRONTONIS
954 766 1210 821 EPISTULARUM

282 947 319 1007 tu
339 942 461 1007 nullam
483 963 634 1024 umquam
661 940 840 1005 mercedem
867 940 963 1003 ullius
990 940 1037 1003 rei
1065 940 1208 1024 agendae
1231 940 1422 1005 dicendaeve

283 1068 302 1109 a
326 1066 484 1128 quoquam
506 1042 678 1127 postularis
686 1042 707 1125 ¹,
731 1043 852 1106 Fronto
874 1042 935 1105 iste
957 1040 1080 1105 nullum
1103 1042 1235 1106 verbum
1257 1043 1346 1125 prius
1368 1065 1422 1106 ne-

283 1168 343 1230 que
370 1145 570 1228 frequentius
599 1144 764 1229 congarrit
791 1165 887 1228 quam
914 1142 975 1206 hoc
1003 1148 1073 1206 DA:
1111 1165 1171 1227 ego
1200 1147 1312 1207 contra
1339 1144 1423 1227 quod

282 1269 412 1331 possum
435 1249 491 1309 aut
519 1245 681 1310 chartulas
704 1246 733 1309 ei
756 1248 812 1308 aut
833 1244 969 1308 tabellas
991 1245 1136 1329 porrigo,
1160 1268 1295 1329 quarum
1316 1267 1423 1308 rerum

282 1349 453 1433 petitorem
476 1369 548 1411 eum
570 1370 637 1412 esse
662 1348 764 1431 cupio.
809 1346 974 1410 Nonnulla
1003 1349 1112 1411 tamen
1135 1350 1168 1410 et
1190 1348 1267 1410 aviti
1289 1349 1423 1432 ingenil
1453 1365 1455 1370 '

283 1452 378 1535 signa
411 1449 561 1513 ostendit.
606 1447 749 1512 Uvarum
783 1447 984 1513 avidissimus
1017 1451 1081 1531 est3
1115 1449 1254 1531 primum
1286 1449 1422 1533 denique

283 1552 370 1616 hunc
393 1552 499 1616 cibum
521 1549 717 1633 degluttivit,
741 1571 802 1614 nec
826 1549 961 1614 cessavit
982 1571 1040 1633 per
1054 1552 1138 1613 totos
1161 1572 1263 1632 paene
1279 1551 1345 1614 dies
1368 1554 1424 1615 aut

283 1654 396 1737 lingua
417 1653 557 1716 lambere
580 1652 677 1715 ubam
699 1654 755 1714 aut
776 1651 876 1715 labris
899 1650 1015 1714 saviari
1039 1650 1095 1715 ac3
1111 1651 1253 1735 gingivis
1267 1651 1423 1716 lacessere

285 1776 322 1818 ac
336 1754 493 1817 ludificari
501 1754 523 1817 ⁴.
541 1754 601 1817 Avi
606 1752 748 1817 cularum
761 1753 859 1816 etiam
872 1752 1094 1835 cupidissimus
1106 1752 1202 1835 pullis
1217 1753 1421 1837 gallinarum,

285 1855 519 1936 columbarum,
549 1875 714 1937 passerum
742 1854 936 1919 oblectatur:
975 1875 1037 1937 quo
1064 1854 1169 1917 studio
1196 1877 1247 1917 me
1275 1878 1294 1919 a
1320 1856 1423 1938 prima

284 1956 425 2020 infantia
457 1956 640 2020 devinctum
677 1955 776 2018 fuisse
804 1976 899 2037 saepe
930 1954 1036 2019 audivi
1068 1977 1106 2018 ex
1136 1955 1218 2038 'his⁵,
1254 1956 1308 2039 qui
1345 1956 1424 2020 mihi

285 2058 450 2123 eductores
480 2060 535 2122 aut
562 2056 710 2141 magistri
738 2057 879 2119 fuerunt.
925 2055 1029 2120 Senex
1058 2057 1155 2120 etiam
1179 2061 1298 2140 quanto
1320 2059 1423 2141 perdi-

286 2182 357 2223 cum
390 2160 494 2223 studio
515 2159 638 2222 'tenear
646 2158 667 2240 ⁶,
702 2177 796 2221 nemo
825 2159 874 2220 est
901 2156 956 2239 qui
981 2179 1032 2221 me
1060 2157 1173 2221 leviter
1199 2160 1324 2223 noverit
1346 2160 1423 2243 quin

285 2261 395 2324 sciatl.
439 2259 573 2324 Nullum
596 2262 644 2323 est
666 2258 752 2322 enim
772 2260 896 2322 factum
918 2280 1024 2321 meum
1043 2259 1212 2342 dictumve,
1236 2261 1319 2343 quod
1342 2261 1424 2325 elam

288 2362 400 2425 ceteris
424 2383 491 2425 esse
513 2361 623 2425 velim:
660 2360 739 2443 quin
767 2359 817 2424 oui
839 2359 886 2424 rei
911 2359 1058 2424 mihimet
1085 2360 1152 2443 ipse
1179 2361 1324 2425 conscius
1352 2362 1422 2443 sim,

222 2522 224 2528 .
286 2465 407 2526 ceteros
430 2483 554 2546 quoque
583 2482 692 2525 omnes
719 2462 810 2526 iuxta
831 2483 956 2526 mecum
979 2461 1060 2526 scire
1082 2461 1198 2525 velima
1221 2512 1422 2526 .......

392 2614 502 2681 XIII.
549 2614 716 2699 lssl'ronto
737 2613 925 2680 Vlctorino
953 2611 1121 2699 [donoro]
1144 2611 1318 2682 Salutem.

372 2732 519 2814 Graviter
551 2732 658 2796 oculos
691 2732 806 2796 dolui.
832 2731 1120 2797 ,9111111111110101ᾗ
1148 2785 1422 2799 ........

289 2836 312 2875 1⁰
320 2836 376 2897 aut
399 2884 405 2897 .
431 2884 438 2898 .
461 2834 574 2898 interis
583 2833 607 2874 ¹¹
626 2882 633 2897 .
659 2883 666 2897 .
690 2837 747 2897 aut
767 2833 924 2897 internati
946 2834 1141 2899 oriebantur.
1175 2836 1424 2900 internatium¹²

289 2935 404 3001 Graeci
433 2935 523 3000 ierou
551 2939 659 3020 oston,
695 2933 898 3000 Suetonius¹3
921 2934 1126 3020 Tranquillus
1149 2937 1275 3022 spinam
1302 2961 1426 3004 sacram

371 3094 439 3143 ala
457 3094 581 3157 margine:
616 3087 728 3143 Nullum
750 3088 793 3141 est
815 3087 889 3141 enim
911 3089 1015 3142 factum
1037 3090 1086 3142 aut
1108 3088 1212 3143 dietum
1236 3107 1327 3144 meum
1351 3093 1424 3159 quod

286 3172 358 3227 olam
375 3203 408 3211 -
426 3172 496 3226 scire
513 3173 605 3229 velim.

371 3258 389 3310 b
409 3261 441 3309 In
459 3263 583 3323 margine:
613 3257 710 3310 Nullus
728 3257 807 3310 dolor
825 3257 915 3311 acrior
933 3259 1087 3323 (vocabulum
1104 3261 1237 3326 incertam)
1257 3302 1367 3313 .....
1387 3261 1425 3313 la-

286 3341 353 3394 teris
371 3342 421 3394 aut
437 3340 561 3394 internat
578 3381 716 3394 ......
741 3339 886 3394 Seetonins
903 3340 1043 3409 degerem.

372 3464 385 3511 1
404 3459 445 3512 De
463 3457 599 3511 Victorini
616 3456 785 3512 abstinentia
801 3458 864 3527 lege
881 3458 999 3514 Dionem
1016 3460 1123 3514 LXXII.
1144 3467 1183 3516 11.
1220 3466 1312 3515 Maius.

371 3548 386 3595 2
406 3542 471 3596 Cod.
490 3558 542 3596 sec.
562 3559 598 3594 m.
616 3547 718 3610 inperii.
1276 3537 1280 3545 ’

373 3635 388 3681 3
406 3627 450 3680 Ita
467 3626 567 3692 Codex,
584 3643 641 3681 non
658 3639 709 3681 aut.

371 3701 388 3764 1
405 3712 449 3765 Ita
467 3710 571 3776 Codex,
589 3717 713 3766 ludicrori
729 3711 825 3766 Maius.

373 3794 512 3850 5Malim:
531 3802 570 3853 iia.

373 3879 446 3934 601.
466 3881 502 3933 ad
519 3881 555 3933 M.
577 3880 653 3936 Caes.
673 3880 705 3935 V.
726 3887 766 3936 37.

373 3971 387 4018 7
405 3965 449 4017 Ita
466 3963 570 4031 Oodem
589 3971 631 4035 qui
648 3973 745 4020 neseiat
761 3965 857 4021 Maius.

372 4056 388 4104 8
406 4048 536 4116 Sequitur
553 4047 619 4102 Cod.
638 4069 664 4119 p.
683 4056 745 4116 323,
769 4067 840 4118 quae
859 4050 942 4105 hodie
959 4067 1073 4120 prorsus
1090 4052 1195 4106 interiit
1212 4055 1325 4122 praeter
1344 4071 1426 4122 quae-

288 4136 353 4189 dam
378 4133 416 4186 111
432 4132 566 4202 margine.
603 4133 731 4202 Suspicor
752 4134 856 4188 Maium
883 4134 1024 4203 Epistolae
1051 4136 1258 4204 inscriptionem
1284 4139 1313 4192 et
1334 4139 1426 4206 prima

290 4219 374 4273 verba
391 4234 446 4271 nou
463 4217 564 4286 legisse
583 4218 612 4271 iu
629 4216 738 4283 Codice,
757 4218 805 4272 sed
824 4235 858 4272 ex
874 4218 967 4273 Indice
979 4220 1154 4289 supplevisse.

372 4312 387 4358 9
405 4304 512 4356 Desunt
530 4303 643 4370 aliquot,
662 4303 692 4356 ut
709 4304 786 4372 puto,
803 4319 905 4356 versus.
943 4307 1037 4356 Maiae.

358 4395 388 4441 10
406 4387 509 4456 Supple
528 4405 610 4440 unum
629 4388 752 4442 verbum.
791 4392 890 4441 Maias.
925 4388 1055 4442 Fortasse
1074 4393 1174 4455 aerior,
1193 4389 1225 4442 ut
1242 4388 1271 4442 in
1289 4391 1423 4458 margine.

358 4479 387 4525 11
405 4473 513 4526 Desunt
530 4471 637 4540 aliquot
655 4473 771 4528 fortasse
788 4474 908 4528 litterae.
945 4476 1039 4525 Maius.
1074 4472 1191 4526 Malim:
1210 4480 1305 4528 lateris.

359 4563 388 4609 12
406 4556 495 4610 Maius
514 4556 611 4612 scribit
626 4565 693 4610 inter
710 4563 825 4611 nativum.
851 4562 1020 4610 Intercatiam
1036 4557 1078 4610 est
1096 4557 1196 4613 eximia
1207 4557 1323 4627 Hauptii
1336 4576 1426 4613 emen·

290 4641 366 4695 datio
384 4642 412 4694 in
424 4642 549 4696 Hermel
567 4661 594 4711 p.
610 4648 649 4695 23.
687 4640 815 4696 Ceterum
833 4640 901 4694 mihi
918 4640 1066 4695 verisimile
1084 4641 1194 4696 videtur
1211 4643 1315 4697 Maium
1334 4646 1427 4697 omnia

289 4727 359 4780 haec
376 4744 432 4780 non
449 4727 478 4779 in
495 4729 574 4781 textu
592 4725 738 4793 invenisse,
755 4726 851 4781 sedin
868 4724 1003 4794 margine.

360 4819 390 4866 13
409 4810 515 4866 Codex:
534 4816 675 4866 Seetonius.
700 4815 794 4865 Maian.
818 4809 927 4864 Primus
939 4825 1007 4879 ergo
1020 4811 1049 4865 et
1061 4812 1180 4868 fortasse
1197 4830 1267 4867 unus
1280 4811 1426 4867 Suetonius
