3300 5950
294 798 356 860 228
637 796 673 849 M.
694 781 863 849 connum
882 792 1088 848 raouronrs

378 967 501 1032 Vellem
531 970 637 1029 autem
665 970 793 1029 tantum
820 965 900 1029 mihi
928 966 1048 1049 vigoris
1077 969 1133 1028 aut
1163 965 1259 1028 studii
1293 964 1432 1046 adesse¹‚

295 1074 450 1153 quantum
479 1053 592 1151 adfuit,
623 1090 694 1131 cum
721 1069 777 1131 illa
806 1069 882 1131 olim
914 1068 1048 1152 nugalia
1082 1067 1273 1148 conscribsi,
1308 1066 1434 1129 laudem

294 1173 373 1235 sumi
397 1176 428 1236 et
450 1172 599 1256 pulveris.
645 1171 694 1233 Ne
717 1191 776 1254 ego
800 1170 910 1233 Somni
938 1170 1065 1232 laudem
1093 1191 1131 1232 ex
1160 1170 1291 1231 summis
1320 1169 1433 1251 opibus

295 1274 561 1357 conscripsissem.
644 1289 650 1305 ¹

377 1375 473 1439 Nunc
496 1374 686 1461 quoquepsi
708 1374 768 1437 tibi
790 1372 934 1436 fabulam
955 1373 1084 1437 brevem
1106 1373 1220 1436 libenti
1243 1376 1292 1435 est
1312 1372 1431 1452 audire,

294 1478 377 1540 audi.

378 1577 504 1641 alovem
531 1581 656 1660 patrem
684 1577 809 1659 ferunt,
846 1598 918 1639 cum
950 1598 1000 1640 res
1028 1576 1185 1639 humanas
1214 1597 1232 1638 a
1260 1560 1433 1659 primordio

295 1680 460 1759 conderet,
491 1701 603 1741 aevum
630 1679 681 1741 vi2
713 1678 853 1741 medium
880 1700 944 1741 uno
976 1678 1042 1740 ictu
1069 1699 1255 1760 percussum
1287 1679 1320 1740 in
1354 1678 1432 1740 duas

293 1781 394 1863 partis
418 1780 556 1862 undique
578 1781 665 1862 paris
688 1778 857 1842 diffidisset
886 1783 1011 1862 partem
1037 1779 1171 1841 alteram
1192 1778 1273 1859 lucc,
1298 1779 1431 1841 alteram

292 1882 433 1944 tenebris
458 1881 612 1962 amicisse,
638 1881 721 1943 diem
743 1883 932 1963 noctemque
955 1879 1133 1963 appellasse
1155 1880 1305 1963 noctique
1320 1881 1430 1960 otium,

294 1984 355 2045 dici
378 1983 544 2066 negotium
566 1982 745 2045 tradidisse.
777 1980 859 2044 Tum
881 2003 1011 2044 somnus
1033 1982 1169 2044 necdum
1191 1985 1287 2044 natus
1310 1984 1378 2044 erat
1401 1985 1433 2043 et

294 2105 404 2147 omnes
427 2084 597 2166 pervigiles
620 2084 757 2164 aetatem
780 2082 947 2166 agebantp
966 2082 1021 2145 sed
1049 2083 1137 2165 quies
1165 2086 1324 2146 nocturna
1351 2084 1432 2166 vigi-

292 2185 434 2248 lantibus
461 2206 519 2266 pro
542 2205 652 2247 somno
683 2184 786 2247 adhuc
816 2184 917 2269 perat
939 2184 1151 2267 promulgata.
1196 2183 1358 2247 Paulatim
1380 2185 1431 2247 de-

291 2286 377 2365 inde,
401 2289 437 2347 ut
459 2288 535 2348 sunt
556 2285 689 2368 ingenia
711 2285 877 2348 hominum
904 2286 1049 2368 inquieta
1071 2285 1122 2348 ct4
1145 2286 1290 2368 agitandi
1314 2307 1351 2348 ac
1365 2288 1431 2347 tur-

291 2387 389 2449 bandi
413 2386 536 2467 cupida,
560 2390 671 2448 noctes
694 2386 823 2469 diesque
845 2386 985 2470 negotiis
1006 2386 1208 2468 exercebant,
1232 2386 1344 2449 horam
1366 2389 1431 2449 otio

291 2487 413 2549 nullam
439 2487 649 2569 inpertibant.
694 2487 775 2550 Tum
804 2487 912 2550 Iovem
938 2487 1063 2569 ferunt,
1097 2487 1153 2549 ubi
1179 2488 1244 2549 ianr
1265 2489 1370 2572 iurgia
1399 2492 1432 2551 et

291 2588 472 2651 vadimonia
505 2591 663 2651 nocturna
691 2588 761 2651 sisti
790 2592 822 2652 et
854 2590 965 2651 noctes
998 2608 1122 2671 quoque
1156 2589 1430 2671 comperendinari

291 2690 428 2770 videat⁵,
464 2710 534 2751 cum
559 2688 650 2752 corde
674 2711 730 2752 suo
753 2690 894 2772 agitasse
922 2689 960 2751 de
993 2689 1058 2751 suis
1086 2690 1248 2771 germanis
1275 2690 1430 2752 fratribus

291 2813 389 2852 unum
413 2790 596 2873 praeficere)
621 2791 675 2873 qui
697 2792 785 2853 nocti
795 2793 903 2872 atque
926 2790 991 2852 otio
1014 2789 1179 2853 hominum
1203 2795 1339 2854 curaret.
1366 2791 1429 2854 Ne-

289 2894 426 2975 ptunum
459 2892 576 2954 multas
610 2895 642 2954 et
675 2912 789 2976 graves
824 2912 915 2954 curas
950 2893 1136 2955 maritumas
1173 2896 1353 2976 causatum,
1388 2916 1429 2955 ne

290 2993 404 3056 fluctus
439 2996 541 3057 terras
569 2996 654 3056 totas
684 3015 756 3056 cum
784 2994 946 3056 montibus
976 2995 1162 3075 obruerent,
1196 3016 1276 3057 neve
1304 2997 1430 3058 morusr

290 3096 376 3157 venti
414 3098 530 3158 cuncta
557 3095 703 3157 funditus
732 3094 943 3177 percellerent
949 3145 958 3177 7
992 3095 1087 3158 silvas
1120 3098 1153 3157 ct
1179 3098 1249 3158 sata
1276 3096 1428 3158 radicitus

289 3195 466 3258 haurirent.
511 3195 621 3258 Ditem
657 3217 781 3278 quoque
818 3199 943 3279 patrem
977 3199 1158 3278 causatum,
1198 3197 1300 3260 multa
1332 3219 1427 3281 opera

288 3296 451 3379 multaque
475 3317 549 3358 cura
573 3296 692 3378 templa
714 3296 819 3359 infera
842 3318 938 3379 aegre
967 3297 1120 3379 coerceri,
1145 3297 1292 3361 amnibus
1320 3302 1352 3361 et
1373 3321 1427 3381 pa·

289 3397 434 3460 ludibus7
471 3400 502 3459 et
535 3397 660 3479 stagnis
688 3395 808 3480 Stygiis
837 3396 1055 3460 Acheruntem
1083 3419 1179 3481 aegre
1208 3401 1427 3481 commoeniri3

290 3520 402 3560 canem
425 3497 561 3579 denique
586 3497 747 3560 custodem
770 3499 954 3581 apposuisse
976 3499 1096 3561 umbris
1119 3500 1316 3582 territandis,
1346 3523 1427 3583 qnae

289 3598 442 3680 aufugere
466 3598 506 3659 ad
528 3619 658 3679 superos
683 3602 846 3680 cuperent,
871 3599 1057 3682 eiquecani
1078 3601 1183 3663 trinas
1198 3601 1338 3665 latrandi
1358 3602 1426 3664 fau-

289 3721 339 3761 ces
363 3720 400 3760 ac
422 3699 523 3761 trinos
547 3699 653 3761 hiatus
675 3700 860 3782 trinusque⁸
883 3693 1026 3762 dentium
1047 3700 1235 3764 formidines
1258 3703 1423 3765 addidisse.

372 3954 444 4022 ala⁴
458 3955 582 4017 ururpine:
605 3948 711 4004 Fabula
729 3951 763 4003 de
781 3951 892 4005 Somno.

373 4160 385 4205 1
405 4153 533 4206 Orellius:
556 4159 666 4207 adesset

370 4237 446 4288 aAn
464 4243 548 4289 uitae?
584 4242 758 4305 Heindorfius.
795 4237 912 4292 Orellius
934 4258 1020 4292 aevum
1038 4261 1124 4295 noorrm
1141 4248 1254 4296 medium.

370 4320 503 4388 3lncipit
529 4320 595 4375 Cod.
618 4339 644 4389 p.
664 4328 722 4376 219.
760 4321 887 4376 Ceterum
905 4322 994 4376 Maius
1020 4325 1107 4378 habet
1131 4331 1227 4392 fuerat,
1254 4327 1303 4380 sed
1330 4326 1423 4380 Codex

294 4405 368 4459 lIUo
387 4417 455 4470 erat,
474 4405 546 4457 unde
565 4406 657 4458 effinxi
675 4411 765 4464 erlbac.
939 4419 941 4422 ’

368 4487 463 4541 4οη).
482 4487 578 4543 Maius.

369 4579 384 4624 5
403 4574 459 4624 Aut
476 4579 544 4626 videt
560 4575 767 4629 rescribendum
786 4579 836 4629 aut
853 4582 958 4631 videret.
996 4583 1169 4646 Heindorfias.

369 4662 384 4707 6
402 4656 444 4709 lta
462 4656 555 4710 Codex
572 4658 682 4713 videtur
699 4659 811 4714 habere.
847 4660 948 4714 Maius:
966 4669 1033 4715 moti.

369 4744 383 4791 'l
403 4739 507 4793 Codex:
525 4747 666 4808 plauditur.

368 4828 384 4876 8
403 4821 506 4876 Codex:
525 4833 651 4896 trinaque.
