3300 5950
283 778 323 845 74
492 778 529 834 Μ.
543 778 713 834 CORNELII
730 778 937 834 PRONTONIS
955 778 1211 836 EPISTULARUM

364 950 397 1015 si
420 949 561 1035 quando¹
587 954 620 1014 00
641 971 744 1015 somno
765 957 837 1034 leni,
861 953 898 1014 ut
919 954 1014 1034 poeta
1037 952 1093 1033 ait,
1117 956 1303 1031 placidoque
1324 957 1423 1016 rerin-

278 1051 363 1116 clus²
385 1052 475 1115 video
497 1052 532 1115 in
555 1052 685 1133 somnis,
714 1075 890 1136 numquam
912 1056 961 1117 est
983 1054 1061 1137 quin
1084 1052 1259 1135 amplectar
1281 1056 1313 1116 et
1336 1075 1422 1117 exos-

182 1214 185 1219 .
280 1154 381 1217 culer:
410 1157 479 1216 tum
506 1175 565 1236 pro
588 1157 778 1237 argumento
801 1156 951 1239 cuiusque
974 1156 1077 1219 somni
1100 1157 1156 1218 aut
1183 1154 1243 1217 fleo
1272 1155 1421 1237 ubertim,

259 1258 335 1318 ,aut
357 1256 465 1319 exulto
487 1255 611 1319 laetitia
634 1255 740 1339 aliqua
763 1261 795 1320 et
816 1256 989 1339 voluptate.
1034 1256 1105 1319 Hoc
1127 1278 1227 1319 unum
1250 1278 1288 1320 ex
1311 1256 1422 1320 Anna·

278 1357 361 1421 libus
394 1360 557 1439 sumptum
588 1358 704 1421 amoris
737 1359 800 1422 mei
836 1362 1062 1442 argumentum
1092 1357 1263 1440 poeticum
1285 1362 1318 1421 et
1345 1381 1422 1422 sane
1481 1435 1485 1444 .

186 1454 188 1461 .
278 1458 535 1523 somniculosum.
559 1459 680 1542 Accipe
703 1460 783 1522 aliut
803 1460 992 1523 rixatorium
1013 1461 1078 1522 iam
1099 1459 1160 1523 hoc
1183 1463 1215 1523 00
1234 1460 1420 1543 iurgiosum.

277 1560 528 1643 Nonnumquam
562 1583 621 1645 ego
653 1564 686 1625 te
719 1583 825 1624 coram
857 1562 1058 1645 paucissimis
1090 1583 1128 1624 ac
1163 1561 1421 1626 familiarissimis

278 1663 356 1727 meis
379 1662 578 1746 gravioribus
606 1663 711 1726 verbis
740 1663 906 1726 absentem
931 1663 1108 1726 insectatus
1132 1685 1216 1727 sum:
1245 1664 1321 1727 olim
1348 1664 1419 1746 hoc,

279 1784 350 1829 cum
371 1764 514 1834 tristior:3
537 1786 632 1847 quam
655 1767 798 1848 parerat
819 1764 855 1827 in
879 1767 971 1828 coetu
992 1764 1159 1827 hominum
1181 1767 1418 1849 progrederere,

277 1866 327 1929 vel
351 1888 423 1929 cum
444 1866 479 1929 in
501 1866 628 1930 theatro
655 1869 691 1929 tu
714 1866 811 1929 libros
837 1865 888 1929 vel
909 1866 945 1930 in
972 1867 1117 1931 convivio
1145 1867 1330 1931 lectitabas:
1360 1872 1421 1931 nec

278 1985 337 2051 ego
363 1968 438 2031 dum
460 1970 496 2030 tu
522 1968 674 2049 theatris,
702 1968 858 2031 necdum⁴
888 1968 1051 2051 conviviis,
1082 1968 1292 2032 abstinebam.
1338 1968 1420 2032 Tum

277 2070 377 2153 igitur
399 2072 431 2132 00
454 2070 568 2133 durum
590 2073 622 2133 et
643 2070 903 2153 intempestivum
924 2069 1097 2152 hominem,
1122 2070 1265 2133 odiosum
1279 2070 1306 2154 l⁵
1322 2070 1420 2133 etiam

124 2215 133 2220 -
188 2231 192 2236 .
277 2192 518 2254 nonnumquam
546 2173 594 2234 ira
615 2170 756 2254 percitus
786 2171 997 2255 appellabam.
1043 2171 1152 2246 Quod6
1182 2172 1207 2235 si
1237 2172 1308 2256 quis
1339 2172 1419 2236 alius

278 2273 387 2336 eodem
409 2276 442 2336 te
465 2272 608 2336 convicio
631 2273 780 2336 audiente
802 2294 853 2336 me
876 2274 1079 2355 detrectaret,
1107 2295 1208 2356 aequo
1237 2273 1343 2338 animo
1366 2297 1419 2337 au-

277 2374 344 2437 dire
371 2396 437 2437 000
459 2377 613 2457 poteram.
657 2374 709 2437 Ita
733 2374 811 2438 mihi
834 2374 961 2438 facilius
984 2379 1053 2438 erat
1074 2376 1178 2457 ipsum
1199 2375 1297 2458 loqui,
1324 2398 1419 2459 quam

266 2445 356 2537 ⁴illios
378 2476 471 2551 (lete
494 2476 620 2559 sequius
643 2476 719 2559 quid
741 2476 846 2540 dicere
867 2477 1007 2560 perpeti:
1028 2477 1075 2539 ita
1095 2480 1132 2539 ut
1148 2476 1294 2540 Gratiam
1315 2499 1419 2541 meam

276 2576 375 2639 filiam
397 2576 524 2640 facilius
547 2577 615 2659 ipse
630 2579 841 2659 percusserim
856 2600 952 2661 quam
973 2578 1013 2641 ab
1029 2578 1092 2641 alio
1107 2579 1231 2661 percuti
1255 2580 1416 2643 viderima

276 2678 421 2741 Tertium
443 2678 481 2741 de
504 2679 582 2741 meis
609 2678 769 2741 frivoleis⁷
802 2680 926 2743 addam.
972 2679 1040 2745 Scis
1067 2683 1105 2742 ut
1131 2680 1166 2742 in
1195 2681 1342 2744 omnibus
1370 2704 1417 2743 ar-

276 2780 434 2862 gentariis
451 2779 616 2861 mensulis,
640 2780 811 2864 perguleis,
835 2781 1009 2864 tabernam,
1033 2782 1216 2864 protecteis,
1239 2781 1415 2864 vestibulis

275 2882 443 2963 fenestris,
472 2903 712 2965 usquequaque,
747 2883 865 2967 ubique
898 2884 1057 2967 imagines
1079 2885 1204 2947 vestrae
1226 2884 1292 2947 sint
1322 2883 1416 2967 volgo

275 2984 471 3068 propositae,
507 2985 590 3048 male
622 2985 696 3048 illae
729 2985 857 3068 quidem
896 2985 1002 3069 pictae
1034 2987 1203 3070 pleraeque
1237 2990 1269 3048 et
1298 3008 1414 3068 crassa,

275 3086 361 3150 lutea
383 3087 489 3169 immo,
514 3086 660 3150 Minerva
675 3087 768 3150 fictae
784 3087 988 3171 scalptaeve3'
1005 3109 1077 3151 cum
1090 3088 1220 3152 interim
1242 3109 1416 3171 numquam

274 3191 331 3251 tua
352 3189 460 3271 imago
481 3192 549 3251 tam
571 3188 734 3252 dissimilis
762 3189 802 3252 ad
830 3188 938 3252 oculos
968 3211 1056 3253 meos
1082 3191 1117 3253 in
1144 3189 1259 3253 itinere
1289 3190 1415 3272 accidit,

274 3293 310 3352 ut
332 3311 398 3353 000
421 3311 459 3352 ex
482 3311 535 3353 ore
557 3312 627 3353 meo
650 3289 824 3353 excusserit
845 3291 961 3354 rictum
984 3291 1102 3354 osculei
1124 3293 1157 3353 et
1178 3312 1334 3353 somnum.

359 3390 455 3454 Nunc
477 3395 513 3454 ut
534 3391 675 3461 frivoleis
703 3392 800 3455 finem
829 3392 947 3455 faciam
976 3395 1008 3456 et
1031 3395 1199 3456 convertar
1225 3391 1265 3454 ad
1286 3393 1413 3473 serium,

274 3492 334 3555 hae
361 3492 488 3555 litterae
515 3495 590 3556 tuae
619 3516 691 3557 cum
718 3494 830 3576 primis
861 3494 980 3557 indicio
1007 3492 1086 3557 mihi
1118 3494 1266 3575 fuerunt,
1295 3496 1415 3576 quanto

274 3615 368 3677 opere
390 3597 422 3658 te
445 3594 587 3679 diligam,
619 3618 691 3658 cum
712 3595 816 3679 magis
838 3595 1045 3678 perturbatus
1067 3617 1137 3658 sum
1160 3594 1200 3658 ad
1214 3597 1305 3657 tuum
1320 3617 1415 3678 quam

358 3835 425 3885 010
443 3814 568 3900 lampius:
598 3831 715 3886 Facilius
737 3832 823 3886 filium
846 3831 907 3900 quis
933 3850 1013 3884 suum
1037 3832 1141 3898 caedit,
1171 3809 1255 3899 quam
1277 3832 1355 3886 caedi
1378 3834 1413 3886 ab

273 3915 327 3968 alio
345 3915 458 3984 patitur.
894 3921 896 3924 ’

269 4183 274 4189 ·
357 4162 370 4207 1
389 4155 490 4207 Errore
509 4155 553 4208 bis
571 4155 716 4223 scriptum3
736 4171 805 4212 corr.
825 4174 867 4224 pr.
887 4172 922 4207 m.

356 4247 371 4292 2
390 4238 527 4292 Credibile
546 4240 588 4292 est
605 4240 658 4293 hoo
676 4240 851 4309 desumptum
870 4255 928 4292 esse
946 4255 980 4291 ex
997 4238 1145 4292 Annalium
1164 4237 1285 4292 exordio.

356 4331 371 4378 3
390 4324 422 4377 cf.
444 4323 589 4393 Capitolin.
611 4330 663 4378 04
681 4326 709 4377 00
729 4330 767 4378 15.
803 4323 942 4393 Hauptius
961 4323 1070 4377 scribit:
1090 4330 1116 4377 in
1133 4334 1230 4378 coetum
1247 4328 1377 4377 licerinum.

354 4413 453 4461 41000
471 4408 618 4476 superadd.
638 4406 667 4460 in
686 4407 793 4467 Codice.
839 4407 952 4475 Aliquid
973 4407 1118 4460 turbatum
1139 4408 1333 4462 videturesse.
1371 4409 1414 4462 An

247 4509 250 4513 ¹
271 4504 321 4546 000
338 4498 462 4546 theatris?
491 4493 589 4561 Itaque
607 4491 636 4545 in
653 4492 741 4561 Epist.
760 4493 796 4546 ad
812 4491 898 4545 Amic.
912 4492 974 4557 II,3
993 4491 1085 4546 dicere
1097 4492 1201 4560 potuit:
1220 4497 1312 4546 Rasum
1328 4499 1412 4547 studio

270 4582 419 4633 circensium
437 4589 532 4638 teneor,
552 4576 627 4645 quod
645 4576 748 4630 scilicet
765 4575 960 4630 intermiserat.
1164 4565 1167 4570 ’

355 4668 370 4715 5
389 4661 488 4731 Incipit
507 4662 572 4716 Cod.
591 4662 655 4716 Vat.
674 4679 702 4730 p.
718 4667 773 4715 131.

256 4773 258 4776 >
355 4746 495 4800 tCodex:
515 4757 581 4816 quot.
1336 4813 1339 4819 .

355 4838 369 4886 7
387 4831 428 4886 Ex
446 4836 482 4886 eie
500 4829 605 4886 fecitis
624 4829 785 4886 emendator
803 4829 832 4883 in
849 4827 902 4882 hoc
920 4830 949 4884 et
959 4829 989 4882 in
1000 4830 1179 4901 sequentibus
1191 4829 1298 4899 aliquot
1308 4830 1409 4884 verbis.
