<?xml version="1.0" encoding="UTF-8"?>
<!DOCTYPE html PUBLIC "-//W3C//DTD XHTML 1.0 Transitional//EN"
    "http://www.w3.org/TR/xhtml1/DTD/xhtml1-transitional.dtd">
<html xmlns="http://www.w3.org/1999/xhtml" xml:lang="en" lang="en">
 <head>
  <title>
</title>
<meta http-equiv="Content-Type" content="text/html;charset=utf-8" />
  <meta name='ocr-system' content='tesseract 3.04.00' />
  <meta name='ocr-capabilities' content='ocr_page ocr_carea ocr_par ocr_line ocrx_word'/>
</head>
<body>
  <div class='ocr_page' id='page_1' title='image "./mcorneliifronto01frongoog/mcorneliifronto01frongoog_0157.png"; bbox 0 0 3300 5950; ppageno 0'>
   <div class='ocr_carea' id='block_1_1' title="bbox 353 759 1392 828">
    <p class='ocr_par' dir='ltr' id='par_1_1' title="bbox 353 759 1392 828">
     <span class='ocr_line' id='line_1_1' title="bbox 353 759 1392 828; baseline 0.002 -13"><span class='ocrx_word' id='word_1_1' title='bbox 353 762 402 815; x_wconf 90' lang='lat' dir='ltr'><strong>AD</strong></span> <span class='ocrx_word' id='word_1_2' title='bbox 420 762 550 816; x_wconf 83' lang='lat' dir='ltr'>VERUM</span> <span class='ocrx_word' id='word_1_3' title='bbox 568 761 689 816; x_wconf 85' lang='lat' dir='ltr'>IMPER.</span> <span class='ocrx_word' id='word_1_4' title='bbox 709 760 904 815; x_wconf 83' lang='lat' dir='ltr'><strong>AURELIUM</strong></span> <span class='ocrx_word' id='word_1_5' title='bbox 923 759 1115 815; x_wconf 83' lang='lat' dir='ltr'><strong>CAESAREM</strong></span> <span class='ocrx_word' id='word_1_6' title='bbox 1132 761 1241 816; x_wconf 87' lang='lat' dir='ltr'>LIBER</span> <span class='ocrx_word' id='word_1_7' title='bbox 1258 764 1277 815; x_wconf 93' lang='lat' dir='ltr'><strong>I.</strong></span> <span class='ocrx_word' id='word_1_8' title='bbox 1335 765 1392 828; x_wconf 76' lang='grc'><strong>117</strong></span> 
     </span>
    </p>
   </div>
   <div class='ocr_carea' id='block_1_2' title="bbox 474 998 1153 1082">
    <p class='ocr_par' dir='ltr' id='par_1_2' title="bbox 474 998 1153 1082">
     <span class='ocr_line' id='line_1_2' title="bbox 474 998 1153 1082; baseline 0.003 -18"><span class='ocrx_word' id='word_1_9' title='bbox 474 1000 536 1065; x_wconf 85' lang='lat' dir='ltr'><strong>IV.</strong></span> <span class='ocrx_word' id='word_1_10' title='bbox 571 999 722 1065; x_wconf 82' lang='lat' dir='ltr'><strong>Domino</strong></span> <span class='ocrx_word' id='word_1_11' title='bbox 744 999 820 1065; x_wconf 77' lang='lat' dir='ltr'><strong>lieo</strong></span> <span class='ocrx_word' id='word_1_12' title='bbox 842 999 936 1066; x_wconf 86' lang='lat' dir='ltr'><strong>Vero</strong></span> <span class='ocrx_word' id='word_1_13' title='bbox 958 998 1153 1082; x_wconf 55' lang='lat' dir='ltr'><strong>Augustos</strong></span> 
     </span>
    </p>
   </div>
   <div class='ocr_carea' id='block_1_3' title="bbox 242 1135 1484 3051">
    <p class='ocr_par' dir='ltr' id='par_1_3' title="bbox 242 1135 1484 3051">
     <span class='ocr_line' id='line_1_3' title="bbox 330 1135 1389 1219; baseline 0.001 -20"><span class='ocrx_word' id='word_1_14' title='bbox 330 1136 420 1211; x_wconf 77' lang='lat' dir='ltr'><strong>cuod</strong></span> <span class='ocrx_word' id='word_1_15' title='bbox 447 1136 526 1218; x_wconf 90' lang='lat' dir='ltr'><strong>heri,</strong></span> <span class='ocrx_word' id='word_1_16' title='bbox 557 1158 629 1199; x_wconf 92' lang='lat' dir='ltr'><strong>cum</strong></span> <span class='ocrx_word' id='word_1_17' title='bbox 651 1136 685 1200; x_wconf 94' lang='lat' dir='ltr'><strong>in</strong></span> <span class='ocrx_word' id='word_1_18' title='bbox 712 1135 869 1219; x_wconf 88' lang='lat' dir='ltr'><strong>palatium</strong></span> <span class='ocrx_word' id='word_1_19' title='bbox 898 1137 996 1209; x_wconf 87' lang='lat' dir='ltr'><strong>vestri</strong></span> <span class='ocrx_word' id='word_1_20' title='bbox 1017 1137 1141 1202; x_wconf 78' lang='lat' dir='ltr'><strong>visendi</strong></span> <span class='ocrx_word' id='word_1_21' title='bbox 1165 1159 1260 1200; x_wconf 87' lang='lat' dir='ltr'><strong>causa</strong></span> <span class='ocrx_word' id='word_1_22' title='bbox 1286 1137 1389 1200; x_wconf 85' lang='lat' dir='ltr'><strong>venis-</strong></span> 
     </span>
     <span class='ocr_line' id='line_1_4' title="bbox 246 1236 1391 1325; baseline 0.001 -24"><span class='ocrx_word' id='word_1_23' title='bbox 246 1261 323 1320; x_wconf 89' lang='lat' dir='ltr'><strong>sem,</strong></span> <span class='ocrx_word' id='word_1_24' title='bbox 347 1260 413 1301; x_wconf 90' lang='lat' dir='ltr'><strong>non</strong></span> <span class='ocrx_word' id='word_1_25' title='bbox 437 1236 480 1324; x_wconf 85' lang='lat' dir='ltr'><strong>[te</strong></span> <span class='ocrx_word' id='word_1_26' title='bbox 496 1237 647 1325; x_wconf 67' lang='lat' dir='ltr'><strong>viselrim,</strong></span> <span class='ocrx_word' id='word_1_27' title='bbox 673 1260 739 1302; x_wconf 94' lang='lat' dir='ltr'><strong>non</strong></span> <span class='ocrx_word' id='word_1_28' title='bbox 753 1259 824 1301; x_wconf 89' lang='lat' dir='ltr'><strong>mea</strong></span> <span class='ocrx_word' id='word_1_29' title='bbox 841 1239 935 1321; x_wconf 88' lang='lat' dir='ltr'><strong>culpa</strong></span> <span class='ocrx_word' id='word_1_30' title='bbox 950 1239 1093 1302; x_wconf 84' lang='lat' dir='ltr'><strong>evenisse</strong></span> <span class='ocrx_word' id='word_1_31' title='bbox 1113 1240 1279 1302; x_wconf 91' lang='lat' dir='ltr'><strong>ostendam</strong></span> <span class='ocrx_word' id='word_1_32' title='bbox 1294 1240 1391 1323; x_wconf 90' lang='lat' dir='ltr'><strong>paulo</strong></span> 
     </span>
     <span class='ocr_line' id='line_1_5' title="bbox 245 1338 1389 1422; baseline 0.003 -20"><span class='ocrx_word' id='word_1_33' title='bbox 245 1343 326 1422; x_wconf 89' lang='lat' dir='ltr'><strong>post.</strong></span> <span class='ocrx_word' id='word_1_34' title='bbox 378 1338 495 1414; x_wconf 80' lang='lat' dir='ltr'><strong>Quodsi</strong></span> <span class='ocrx_word' id='word_1_35' title='bbox 527 1347 628 1404; x_wconf 81' lang='lat' dir='ltr'><strong>coleos</strong></span> <span class='ocrx_word' id='word_1_36' title='bbox 661 1340 765 1403; x_wconf 88' lang='lat' dir='ltr'><strong>libens</strong></span> <span class='ocrx_word' id='word_1_37' title='bbox 797 1340 913 1404; x_wconf 87' lang='lat' dir='ltr'><strong>scienti</strong></span> <span class='ocrx_word' id='word_1_38' title='bbox 941 1341 1048 1404; x_wconf 88' lang='lat' dir='ltr'><strong>animo</strong></span> <span class='ocrx_word' id='word_1_39' title='bbox 1076 1346 1133 1405; x_wconf 79' lang='grc'>1111</span> <span class='ocrx_word' id='word_1_40' title='bbox 1166 1345 1300 1418; x_wconf 78' lang='lat' dir='ltr'><strong>officium</strong></span> <span class='ocrx_word' id='word_1_41' title='bbox 1329 1363 1389 1405; x_wconf 82' lang='lat' dir='ltr'><strong>nou</strong></span> 
     </span>
     <span class='ocr_line' id='line_1_6' title="bbox 245 1440 1388 1529; baseline 0 -24"><span class='ocrx_word' id='word_1_42' title='bbox 245 1442 483 1524; x_wconf 80' lang='lat' dir='ltr'><strong>persolvissem,</strong></span> <span class='ocrx_word' id='word_1_43' title='bbox 517 1440 791 1528; x_wconf 78' lang='lat' dir='ltr'><strong>hau[dqua]quam</strong></span> <span class='ocrx_word' id='word_1_44' title='bbox 821 1464 873 1506; x_wconf 92' lang='lat' dir='ltr'><strong>me</strong></span> <span class='ocrx_word' id='word_1_45' title='bbox 913 1442 1102 1525; x_wconf 86' lang='lat' dir='ltr'><strong>paeniteret.</strong></span> <span class='ocrx_word' id='word_1_46' title='bbox 1159 1442 1235 1506; x_wconf 82' lang='lat' dir='ltr'><strong>Fuit</strong></span> <span class='ocrx_word' id='word_1_47' title='bbox 1265 1440 1388 1529; x_wconf 79' lang='lat' dir='ltr'><strong>[enim],</strong></span> 
     </span>
     <span class='ocr_line' id='line_1_7' title="bbox 245 1541 1390 1630; baseline 0.001 -25"><span class='ocrx_word' id='word_1_48' title='bbox 245 1544 308 1606; x_wconf 88' lang='lat' dir='ltr'><strong>fuit</strong></span> <span class='ocrx_word' id='word_1_49' title='bbox 338 1541 439 1630; x_wconf 81' lang='lat' dir='ltr'><strong>[haec]</strong></span> <span class='ocrx_word' id='word_1_50' title='bbox 464 1563 568 1626; x_wconf 80' lang='lat' dir='ltr'><strong>cause,</strong></span> <span class='ocrx_word' id='word_1_51' title='bbox 592 1565 649 1607; x_wconf 85' lang='lat' dir='ltr'><strong>eur</strong></span> <span class='ocrx_word' id='word_1_52' title='bbox 676 1555 708 1606; x_wconf 81' lang='lat' dir='ltr'><strong>tu</strong></span> <span class='ocrx_word' id='word_1_53' title='bbox 729 1556 790 1608; x_wconf 82' lang='lat' dir='ltr'><strong>tem</strong></span> <span class='ocrx_word' id='word_1_54' title='bbox 811 1543 858 1625; x_wconf 72' lang='lat' dir='ltr'><strong>²l³</strong></span> <span class='ocrx_word' id='word_1_55' title='bbox 880 1544 1094 1608; x_wconf 82' lang='lat' dir='ltr'><strong>familiaribus</strong></span> <span class='ocrx_word' id='word_1_56' title='bbox 1120 1544 1238 1608; x_wconf 90' lang='lat' dir='ltr'><strong>litteris</strong></span> <span class='ocrx_word' id='word_1_57' title='bbox 1265 1566 1390 1607; x_wconf 91' lang='lat' dir='ltr'><strong>meeum</strong></span> 
     </span>
     <span class='ocr_line' id='line_1_8' title="bbox 245 1641 1390 1730; baseline 0.001 -23"><span class='ocrx_word' id='word_1_58' title='bbox 245 1644 471 1727; x_wconf 88' lang='lat' dir='ltr'><strong>expostulares.</strong></span> <span class='ocrx_word' id='word_1_59' title='bbox 516 1643 629 1728; x_wconf 84' lang='lat' dir='ltr'>Neque</span> <span class='ocrx_word' id='word_1_60' title='bbox 655 1648 747 1709; x_wconf 88' lang='lat' dir='ltr'><strong>tanto</strong></span> <span class='ocrx_word' id='word_1_61' title='bbox 769 1667 864 1729; x_wconf 89' lang='lat' dir='ltr'><strong>opere</strong></span> <span class='ocrx_word' id='word_1_62' title='bbox 886 1641 1074 1730; x_wconf 79' lang='lat' dir='ltr'>gauderem,</span> <span class='ocrx_word' id='word_1_63' title='bbox 1104 1647 1160 1728; x_wconf 90' lang='lat' dir='ltr'><strong>sei,</strong></span> <span class='ocrx_word' id='word_1_64' title='bbox 1190 1668 1262 1710; x_wconf 92' lang='lat' dir='ltr'><strong>cum</strong></span> <span class='ocrx_word' id='word_1_65' title='bbox 1291 1645 1330 1708; x_wconf 87' lang='lat' dir='ltr'><strong>ad</strong></span> <span class='ocrx_word' id='word_1_66' title='bbox 1356 1649 1390 1709; x_wconf 88' lang='lat' dir='ltr'><strong>te</strong></span> 
     </span>
     <span class='ocr_line' id='line_1_9' title="bbox 243 1746 1390 1831; baseline 0 -22"><span class='ocrx_word' id='word_1_67' title='bbox 243 1747 411 1829; x_wconf 74' lang='lat' dir='ltr'>venissem,</span> <span class='ocrx_word' id='word_1_68' title='bbox 436 1768 558 1809; x_wconf 92' lang='lat' dir='ltr'><strong>summo</strong></span> <span class='ocrx_word' id='word_1_69' title='bbox 582 1768 654 1810; x_wconf 91' lang='lat' dir='ltr'><strong>eum</strong></span> <span class='ocrx_word' id='word_1_70' title='bbox 676 1747 796 1811; x_wconf 93' lang='lat' dir='ltr'><strong>honore</strong></span> <span class='ocrx_word' id='word_1_71' title='bbox 819 1746 879 1810; x_wconf 72' lang='lat' dir='ltr'><strong>ab4</strong></span> <span class='ocrx_word' id='word_1_72' title='bbox 901 1751 934 1810; x_wconf 89' lang='lat' dir='ltr'><strong>te</strong></span> <span class='ocrx_word' id='word_1_73' title='bbox 957 1747 1136 1831; x_wconf 86' lang='lat' dir='ltr'><strong>appellatus</strong></span> <span class='ocrx_word' id='word_1_74' title='bbox 1158 1770 1270 1831; x_wconf 85' lang='lat' dir='ltr'><strong>essem,</strong></span> <span class='ocrx_word' id='word_1_75' title='bbox 1294 1770 1390 1831; x_wconf 88' lang='lat' dir='ltr'><strong>quam</strong></span> 
     </span>
     <span class='ocr_line' id='line_1_10' title="bbox 244 1848 1441 1934; baseline 0.002 -23"><span class='ocrx_word' id='word_1_76' title='bbox 244 1871 330 1911; x_wconf 90' lang='lat' dir='ltr'><strong>nunc</strong></span> <span class='ocrx_word' id='word_1_77' title='bbox 350 1849 474 1933; x_wconf 91' lang='lat' dir='ltr'><strong>gaudeo</strong></span> <span class='ocrx_word' id='word_1_78' title='bbox 495 1851 588 1912; x_wconf 88' lang='lat' dir='ltr'><strong>tanto</strong></span> <span class='ocrx_word' id='word_1_79' title='bbox 610 1870 662 1912; x_wconf 92' lang='lat' dir='ltr'><strong>me</strong></span> <span class='ocrx_word' id='word_1_80' title='bbox 683 1848 789 1933; x_wconf 91' lang='lat' dir='ltr'><strong>iurgio</strong></span> <span class='ocrx_word' id='word_1_81' title='bbox 817 1848 1040 1914; x_wconf 88' lang='lat' dir='ltr'><strong>desideratum.</strong></span> <span class='ocrx_word' id='word_1_82' title='bbox 1090 1850 1237 1934; x_wconf 85' lang='lat' dir='ltr'>Namque</span> <span class='ocrx_word' id='word_1_83' title='bbox 1266 1852 1302 1912; x_wconf 93' lang='lat' dir='ltr'><strong>tu</strong></span> <span class='ocrx_word' id='word_1_84' title='bbox 1331 1871 1389 1931; x_wconf 94' lang='lat' dir='ltr'><strong>pro</strong></span> <span class='ocrx_word' id='word_1_85' title='bbox 1435 1913 1441 1927; x_wconf 74' lang='grc'>,</span> 
     </span>
     <span class='ocr_line' id='line_1_11' title="bbox 243 1950 1484 2044; baseline 0 -31"><span class='ocrx_word' id='word_1_86' title='bbox 243 1954 300 2014; x_wconf 88' lang='lat' dir='ltr'><strong>tua</strong></span> <span class='ocrx_word' id='word_1_87' title='bbox 318 1950 475 2034; x_wconf 84' lang='lat' dir='ltr'><strong>singulari</strong></span> <span class='ocrx_word' id='word_1_88' title='bbox 496 1951 698 2014; x_wconf 76' lang='lat' dir='ltr'>humanitate</span> <span class='ocrx_word' id='word_1_89' title='bbox 719 1972 829 2014; x_wconf 91' lang='lat' dir='ltr'><strong>omnes</strong></span> <span class='ocrx_word' id='word_1_90' title='bbox 845 1950 947 2014; x_wconf 90' lang='lat' dir='ltr'><strong>nostri</strong></span> <span class='ocrx_word' id='word_1_91' title='bbox 963 1952 1083 2015; x_wconf 83' lang='lat' dir='ltr'><strong>ordinis</strong></span> <span class='ocrx_word' id='word_1_92' title='bbox 1104 1953 1199 2044; x_wconf 85' lang='lat' dir='ltr'><strong>viros,</strong></span> <span class='ocrx_word' id='word_1_93' title='bbox 1222 1952 1278 2013; x_wconf 92' lang='lat' dir='ltr'><strong>ubi</strong></span> <span class='ocrx_word' id='word_1_94' title='bbox 1298 1972 1389 2033; x_wconf 89' lang='lat' dir='ltr'><strong>prae·</strong></span> <span class='ocrx_word' id='word_1_95' title='bbox 1445 2014 1448 2018; x_wconf 78' lang='grc'>,</span> <span class='ocrx_word' id='word_1_96' title='bbox 1482 2038 1484 2041; x_wconf 16' lang='lat'>¹</span> 
     </span>
     <span class='ocr_line' id='line_1_12' title="bbox 244 2051 1390 2137; baseline -0.003 -20"><span class='ocrx_word' id='word_1_97' title='bbox 244 2057 293 2117; x_wconf 87' lang='lat' dir='ltr'><strong>sto</strong></span> <span class='ocrx_word' id='word_1_98' title='bbox 316 2054 443 2134; x_wconf 83' lang='lat' dir='ltr'><strong>adsunt,</strong></span> <span class='ocrx_word' id='word_1_99' title='bbox 467 2051 641 2116; x_wconf 86' lang='lat' dir='ltr'><strong>honorifice</strong></span> <span class='ocrx_word' id='word_1_100' title='bbox 664 2052 793 2136; x_wconf 79' lang='lat' dir='ltr'><strong>adforis,</strong></span> <span class='ocrx_word' id='word_1_101' title='bbox 817 2074 884 2115; x_wconf 95' lang='lat' dir='ltr'><strong>non</strong></span> <span class='ocrx_word' id='word_1_102' title='bbox 906 2073 1016 2117; x_wconf 93' lang='lat' dir='ltr'><strong>omnes</strong></span> <span class='ocrx_word' id='word_1_103' title='bbox 1038 2074 1157 2137; x_wconf 88' lang='lat' dir='ltr'><strong>magno</strong></span> <span class='ocrx_word' id='word_1_104' title='bbox 1177 2075 1272 2135; x_wconf 88' lang='lat' dir='ltr'><strong>opere</strong></span> <span class='ocrx_word' id='word_1_105' title='bbox 1287 2051 1390 2135; x_wconf 90' lang='lat' dir='ltr'><strong>requi-</strong></span> 
     </span>
     <span class='ocr_line' id='line_1_13' title="bbox 243 2152 1389 2238; baseline -0.003 -20"><span class='ocrx_word' id='word_1_106' title='bbox 243 2155 287 2218; x_wconf 87' lang='lat' dir='ltr'><strong>ris</strong></span> <span class='ocrx_word' id='word_1_107' title='bbox 311 2153 469 2217; x_wconf 90' lang='lat' dir='ltr'><strong>absentes.</strong></span> <span class='ocrx_word' id='word_1_108' title='bbox 504 2152 594 2217; x_wconf 92' lang='lat' dir='ltr'><strong>Haec</strong></span> <span class='ocrx_word' id='word_1_109' title='bbox 617 2154 753 2237; x_wconf 91' lang='lat' dir='ltr'><strong>denique</strong></span> <span class='ocrx_word' id='word_1_110' title='bbox 777 2156 892 2219; x_wconf 78' lang='lat' dir='ltr'><strong>cansa⁵</strong></span> <span class='ocrx_word' id='word_1_111' title='bbox 915 2157 973 2237; x_wconf 91' lang='lat' dir='ltr'><strong>est,</strong></span> <span class='ocrx_word' id='word_1_112' title='bbox 997 2155 1032 2217; x_wconf 95' lang='lat' dir='ltr'><strong>in</strong></span> <span class='ocrx_word' id='word_1_113' title='bbox 1055 2177 1117 2238; x_wconf 91' lang='lat' dir='ltr'><strong>qua</strong></span> <span class='ocrx_word' id='word_1_114' title='bbox 1132 2154 1243 2217; x_wconf 91' lang='lat' dir='ltr'><strong>malim</strong></span> <span class='ocrx_word' id='word_1_115' title='bbox 1256 2156 1290 2216; x_wconf 91' lang='lat' dir='ltr'><strong>te</strong></span> <span class='ocrx_word' id='word_1_116' title='bbox 1310 2152 1389 2216; x_wconf 93' lang='lat' dir='ltr'><strong>mihi</strong></span> 
     </span>
     <span class='ocr_line' id='line_1_14' title="bbox 243 2254 1389 2340; baseline -0.001 -22"><span class='ocrx_word' id='word_1_117' title='bbox 243 2256 387 2340; x_wconf 88' lang='lat' dir='ltr'><strong>graviter</strong></span> <span class='ocrx_word' id='word_1_118' title='bbox 400 2255 496 2319; x_wconf 89' lang='lat' dir='ltr'><strong>irasci</strong></span> <span class='ocrx_word' id='word_1_119' title='bbox 511 2264 608 2339; x_wconf 72' lang='lat' dir='ltr'><strong>(suam</strong></span> <span class='ocrx_word' id='word_1_120' title='bbox 622 2254 761 2319; x_wconf 74' lang='lat' dir='ltr'><strong>libenter</strong></span> <span class='ocrx_word' id='word_1_121' title='bbox 775 2259 953 2339; x_wconf 90' lang='lat' dir='ltr'><strong>ignoscere.</strong></span> <span class='ocrx_word' id='word_1_122' title='bbox 977 2256 1130 2321; x_wconf 74' lang='lat' dir='ltr'><strong>Irasceris</strong></span> <span class='ocrx_word' id='word_1_123' title='bbox 1146 2257 1232 2319; x_wconf 91' lang='lat' dir='ltr'><strong>enim</strong></span> <span class='ocrx_word' id='word_1_124' title='bbox 1247 2258 1389 2339; x_wconf 80' lang='lat' dir='ltr'><strong>quantea</strong></span> 
     </span>
     <span class='ocr_line' id='line_1_15' title="bbox 243 2356 1389 2422; baseline -0.002 0"><span class='ocrx_word' id='word_1_125' title='bbox 243 2357 475 2422; x_wconf 74' lang='lat' dir='ltr'><strong>desiderantius</strong></span> <span class='ocrx_word' id='word_1_126' title='bbox 498 2356 658 2420; x_wconf 88' lang='lat' dir='ltr'><strong>desideras</strong></span> <span class='ocrx_word' id='word_1_127' title='bbox 682 2406 689 2420; x_wconf 89' lang='lat'><strong>.</strong></span> <span class='ocrx_word' id='word_1_128' title='bbox 715 2408 721 2421; x_wconf 91' lang='lat'>.</span> <span class='ocrx_word' id='word_1_129' title='bbox 751 2356 800 2420; x_wconf 90' lang='lat' dir='ltr'><strong>bis</strong></span> <span class='ocrx_word' id='word_1_130' title='bbox 830 2357 857 2420; x_wconf 92' lang='lat' dir='ltr'><strong>si</strong></span> <span class='ocrx_word' id='word_1_131' title='bbox 880 2358 1173 2421; x_wconf 72' lang='grc'><strong>1111111111111111.6</strong></span> <span class='ocrx_word' id='word_1_132' title='bbox 1216 2356 1389 2421; x_wconf 80' lang='lat' dir='ltr'><strong>Enimvero</strong></span> 
     </span>
     <span class='ocr_line' id='line_1_16' title="bbox 244 2457 1388 2543; baseline -0.002 -20"><span class='ocrx_word' id='word_1_133' title='bbox 244 2481 316 2523; x_wconf 90' lang='lat' dir='ltr'><strong>eum</strong></span> <span class='ocrx_word' id='word_1_134' title='bbox 337 2462 374 2523; x_wconf 91' lang='lat' dir='ltr'><strong>tu</strong></span> <span class='ocrx_word' id='word_1_135' title='bbox 395 2462 533 2541; x_wconf 85' lang='lat' dir='ltr'><strong>tuusque</strong></span> <span class='ocrx_word' id='word_1_136' title='bbox 560 2457 661 2521; x_wconf 84' lang='lat' dir='ltr'><strong>frater</strong></span> <span class='ocrx_word' id='word_1_137' title='bbox 688 2458 724 2522; x_wconf 91' lang='lat' dir='ltr'><strong>in</strong></span> <span class='ocrx_word' id='word_1_138' title='bbox 751 2459 853 2523; x_wconf 90' lang='lat' dir='ltr'><strong>tantis</strong></span> <span class='ocrx_word' id='word_1_139' title='bbox 882 2459 996 2542; x_wconf 89' lang='lat' dir='ltr'><strong>opibus</strong></span> <span class='ocrx_word' id='word_1_140' title='bbox 1022 2459 1136 2543; x_wconf 88' lang='lat' dir='ltr'><strong>locati,</strong></span> <span class='ocrx_word' id='word_1_141' title='bbox 1165 2462 1260 2522; x_wconf 87' lang='lat' dir='ltr'><strong>tanta</strong></span> <span class='ocrx_word' id='word_1_142' title='bbox 1282 2458 1388 2522; x_wconf 91' lang='lat' dir='ltr'><strong>multi-</strong></span> 
     </span>
     <span class='ocr_line' id='line_1_17' title="bbox 242 2560 1388 2648; baseline -0.002 -24"><span class='ocrx_word' id='word_1_143' title='bbox 242 2561 354 2625; x_wconf 88' lang='lat' dir='ltr'><strong>tudine</strong></span> <span class='ocrx_word' id='word_1_144' title='bbox 377 2560 520 2624; x_wconf 91' lang='lat' dir='ltr'><strong>omnium</strong></span> <span class='ocrx_word' id='word_1_145' title='bbox 541 2581 697 2644; x_wconf 84' lang='lat' dir='ltr'><strong>generum</strong></span> <span class='ocrx_word' id='word_1_146' title='bbox 719 2560 923 2644; x_wconf 91' lang='lat' dir='ltr'><strong>omniumque</strong></span> <span class='ocrx_word' id='word_1_147' title='bbox 946 2561 1103 2648; x_wconf 84' lang='lat' dir='ltr'><strong>ordinum,</strong></span> <span class='ocrx_word' id='word_1_148' title='bbox 1132 2560 1168 2623; x_wconf 94' lang='lat' dir='ltr'><strong>in</strong></span> <span class='ocrx_word' id='word_1_149' title='bbox 1195 2582 1273 2643; x_wconf 92' lang='lat' dir='ltr'><strong>quos</strong></span> <span class='ocrx_word' id='word_1_150' title='bbox 1303 2582 1388 2623; x_wconf 91' lang='lat' dir='ltr'><strong>amo·</strong></span> 
     </span>
     <span class='ocr_line' id='line_1_18' title="bbox 243 2650 1389 2746; baseline 0 -22"><span class='ocrx_word' id='word_1_151' title='bbox 243 2685 310 2727; x_wconf 89' lang='lat' dir='ltr'><strong>rem</strong></span> <span class='ocrx_word' id='word_1_152' title='bbox 331 2664 474 2725; x_wconf 87' lang='lat' dir='ltr'><strong>vestrum</strong></span> <span class='ocrx_word' id='word_1_153' title='bbox 496 2662 690 2746; x_wconf 74' lang='lat' dir='ltr'><strong>dispergitis,</strong></span> <span class='ocrx_word' id='word_1_154' title='bbox 716 2663 973 2745; x_wconf 84' lang='lat' dir='ltr'><strong>circumfusum⁷,</strong></span> <span class='ocrx_word' id='word_1_155' title='bbox 1005 2662 1084 2726; x_wconf 93' lang='lat' dir='ltr'><strong>mihi</strong></span> <span class='ocrx_word' id='word_1_156' title='bbox 1112 2682 1235 2745; x_wconf 88' lang='lat' dir='ltr'><strong>quoque</strong></span> <span class='ocrx_word' id='word_1_157' title='bbox 1263 2650 1389 2745; x_wconf 82' lang='lat' dir='ltr'><strong>paitem</strong></span> 
     </span>
     <span class='ocr_line' id='line_1_19' title="bbox 243 2763 1386 2847; baseline 0.001 -20"><span class='ocrx_word' id='word_1_158' title='bbox 243 2764 359 2827; x_wconf 90' lang='lat' dir='ltr'><strong>amoris</strong></span> <span class='ocrx_word' id='word_1_159' title='bbox 381 2764 479 2827; x_wconf 84' lang='lat' dir='ltr'><strong>vestri</strong></span> <span class='ocrx_word' id='word_1_160' title='bbox 501 2763 690 2827; x_wconf 86' lang='lat' dir='ltr'><strong>nonnullam</strong></span> <span class='ocrx_word' id='word_1_161' title='bbox 717 2764 921 2847; x_wconf 83' lang='lat' dir='ltr'><strong>impertiatis,</strong></span> <span class='ocrx_word' id='word_1_162' title='bbox 950 2764 1026 2847; x_wconf 89' lang='lat' dir='ltr'><strong>quid</strong></span> <span class='ocrx_word' id='word_1_163' title='bbox 1048 2786 1099 2828; x_wconf 91' lang='lat' dir='ltr'><strong>me</strong></span> <span class='ocrx_word' id='word_1_164' title='bbox 1120 2764 1227 2827; x_wconf 85' lang='lat' dir='ltr'><strong>facere</strong></span> <span class='ocrx_word' id='word_1_165' title='bbox 1250 2767 1386 2847; x_wconf 89' lang='lat' dir='ltr'><strong>oportet,</strong></span> 
     </span>
     <span class='ocr_line' id='line_1_20' title="bbox 244 2863 1386 2949; baseline 0.001 -21"><span class='ocrx_word' id='word_1_166' title='bbox 244 2865 332 2928; x_wconf 90' lang='lat' dir='ltr'><strong>euius</strong></span> <span class='ocrx_word' id='word_1_167' title='bbox 355 2866 446 2949; x_wconf 86' lang='lat' dir='ltr'><strong>spes8</strong></span> <span class='ocrx_word' id='word_1_168' title='bbox 468 2886 607 2949; x_wconf 86' lang='lat' dir='ltr'><strong>opesque</strong></span> <span class='ocrx_word' id='word_1_169' title='bbox 629 2887 739 2929; x_wconf 89' lang='lat' dir='ltr'><strong>omnes</strong></span> <span class='ocrx_word' id='word_1_170' title='bbox 761 2866 797 2929; x_wconf 96' lang='lat' dir='ltr'><strong>in</strong></span> <span class='ocrx_word' id='word_1_171' title='bbox 818 2866 909 2930; x_wconf 89' lang='lat' dir='ltr'><strong>vobis</strong></span> <span class='ocrx_word' id='word_1_172' title='bbox 931 2868 1008 2929; x_wconf 91' lang='lat' dir='ltr'><strong>sunt</strong></span> <span class='ocrx_word' id='word_1_173' title='bbox 1030 2864 1105 2929; x_wconf 90' lang='lat' dir='ltr'><strong>solis</strong></span> <span class='ocrx_word' id='word_1_174' title='bbox 1121 2863 1224 2928; x_wconf 77' lang='lat' dir='ltr'><strong>sitae?</strong></span> <span class='ocrx_word' id='word_1_175' title='bbox 1260 2864 1336 2928; x_wconf 91' lang='lat' dir='ltr'><strong>Non</strong></span> <span class='ocrx_word' id='word_1_176' title='bbox 1359 2866 1386 2929; x_wconf 94' lang='lat' dir='ltr'><strong>ei</strong></span> 
     </span>
     <span class='ocr_line' id='line_1_21' title="bbox 242 2966 1387 3051; baseline -0.001 -20"><span class='ocrx_word' id='word_1_177' title='bbox 242 2971 311 3032; x_wconf 89' lang='lat' dir='ltr'><strong>tum</strong></span> <span class='ocrx_word' id='word_1_178' title='bbox 333 2970 445 3050; x_wconf 90' lang='lat' dir='ltr'><strong>pectus</strong></span> <span class='ocrx_word' id='word_1_179' title='bbox 467 2990 574 3031; x_wconf 92' lang='lat' dir='ltr'><strong>meum</strong></span> <span class='ocrx_word' id='word_1_180' title='bbox 598 3018 603 3031; x_wconf 94' lang='lat'>.</span> <span class='ocrx_word' id='word_1_181' title='bbox 623 3018 655 3032; x_wconf 92' lang='lat'><strong>..</strong></span> <span class='ocrx_word' id='word_1_182' title='bbox 679 2967 753 3051; x_wconf 92' lang='lat' dir='ltr'><strong>quid</strong></span> <span class='ocrx_word' id='word_1_183' title='bbox 778 3019 785 3033; x_wconf 92' lang='lat'><strong>.</strong></span> <span class='ocrx_word' id='word_1_184' title='bbox 808 3019 815 3032; x_wconf 91' lang='lat'><strong>.</strong></span> <span class='ocrx_word' id='word_1_185' title='bbox 841 2971 897 3031; x_wconf 90' lang='lat' dir='ltr'><strong>aut</strong></span> <span class='ocrx_word' id='word_1_186' title='bbox 918 2966 974 3032; x_wconf 89' lang='lat' dir='ltr'><strong>ubi</strong></span> <span class='ocrx_word' id='word_1_187' title='bbox 995 2967 1068 3031; x_wconf 90' lang='lat' dir='ltr'><strong>illos</strong></span> <span class='ocrx_word' id='word_1_188' title='bbox 1090 2966 1170 3030; x_wconf 93' lang='lat' dir='ltr'><strong>mihi</strong></span> <span class='ocrx_word' id='word_1_189' title='bbox 1193 2968 1290 3030; x_wconf 75' lang='lat' dir='ltr'><strong>tanteb</strong></span> <span class='ocrx_word' id='word_1_190' title='bbox 1309 3018 1315 3030; x_wconf 94' lang='lat'><strong>.</strong></span> <span class='ocrx_word' id='word_1_191' title='bbox 1334 3019 1340 3030; x_wconf 90' lang='lat'><em>.</em></span> <span class='ocrx_word' id='word_1_192' title='bbox 1359 2969 1387 3031; x_wconf 73' lang='lat'><strong>‚⁹</strong></span> 
     </span>
    </p>
   </div>
   <div class='ocr_carea' id='block_1_4' title="bbox 306 3139 1077 3459">
    <p class='ocr_par' dir='ltr' id='par_1_4' title="bbox 306 3139 1077 3459">
     <span class='ocr_line' id='line_1_22' title="bbox 327 3139 812 3205; baseline 0 -15"><span class='ocrx_word' id='word_1_193' title='bbox 327 3155 344 3190; x_wconf 85' lang='lat' dir='ltr'><strong>a</strong></span> <span class='ocrx_word' id='word_1_194' title='bbox 364 3141 396 3190; x_wconf 85' lang='lat' dir='ltr'><strong>Iu</strong></span> <span class='ocrx_word' id='word_1_195' title='bbox 414 3142 539 3205; x_wconf 76' lang='lat' dir='ltr'><strong>morpine:</strong></span> <span class='ocrx_word' id='word_1_196' title='bbox 561 3179 726 3190; x_wconf 88' lang='lat'>.......</span> <span class='ocrx_word' id='word_1_197' title='bbox 746 3139 812 3191; x_wconf 84' lang='lat' dir='ltr'><strong>antu</strong></span> 
     </span>
     <span class='ocr_line' id='line_1_23' title="bbox 544 3221 992 3288; baseline 0.002 -14"><span class='ocrx_word' id='word_1_198' title='bbox 544 3240 546 3244; x_wconf 67' lang='grc'>’</span> <span class='ocrx_word' id='word_1_199' title='bbox 559 3265 671 3275; x_wconf 92' lang='grc'>.....</span> <span class='ocrx_word' id='word_1_200' title='bbox 692 3221 888 3276; x_wconf 84' lang='lat' dir='ltr'><strong>desideratum..</strong></span> <span class='ocrx_word' id='word_1_201' title='bbox 990 3285 992 3288; x_wconf 23' lang='lat'>¹</span> 
     </span>
     <span class='ocr_line' id='line_1_24' title="bbox 306 3308 1077 3376; baseline 0.003 -17"><span class='ocrx_word' id='word_1_202' title='bbox 306 3354 309 3358; x_wconf 80' lang='grc'><strong><em>,</em></strong></span> <span class='ocrx_word' id='word_1_203' title='bbox 328 3308 345 3360; x_wconf 91' lang='lat' dir='ltr'>b</span> <span class='ocrx_word' id='word_1_204' title='bbox 365 3312 398 3359; x_wconf 84' lang='lat' dir='ltr'><strong>In</strong></span> <span class='ocrx_word' id='word_1_205' title='bbox 417 3313 541 3376; x_wconf 75' lang='lat' dir='ltr'><strong>nrurpine:</strong></span> <span class='ocrx_word' id='word_1_206' title='bbox 562 3348 1077 3360; x_wconf 82' lang='grc'><strong>....................</strong></span> 
     </span>
     <span class='ocr_line' id='line_1_25' title="bbox 559 3391 937 3459; baseline 0 -15"><span class='ocrx_word' id='word_1_207' title='bbox 559 3433 670 3444; x_wconf 92' lang='grc'>.....</span> <span class='ocrx_word' id='word_1_208' title='bbox 690 3409 719 3443; x_wconf 94' lang='lat' dir='ltr'><strong>m</strong></span> <span class='ocrx_word' id='word_1_209' title='bbox 737 3408 821 3459; x_wconf 86' lang='lat' dir='ltr'><strong>quam</strong></span> <span class='ocrx_word' id='word_1_210' title='bbox 838 3391 871 3445; x_wconf 92' lang='lat' dir='ltr'><strong>ut</strong></span> <span class='ocrx_word' id='word_1_211' title='bbox 887 3406 937 3444; x_wconf 86' lang='lat' dir='ltr'><strong>vos</strong></span> 
     </span>
    </p>
   </div>
   <div class='ocr_carea' id='block_1_5' title="bbox 559 3476 927 3614">
    <p class='ocr_par' dir='ltr' id='par_1_5' title="bbox 559 3476 927 3614">
     <span class='ocr_line' id='line_1_26' title="bbox 559 3476 923 3529; baseline 0.003 -1"><span class='ocrx_word' id='word_1_212' title='bbox 559 3517 752 3529; x_wconf 88' lang='grc'><strong>........</strong></span> <span class='ocrx_word' id='word_1_213' title='bbox 770 3477 856 3529; x_wconf 87' lang='lat' dir='ltr'><strong>immo</strong></span> <span class='ocrx_word' id='word_1_214' title='bbox 873 3476 923 3529; x_wconf 89' lang='lat' dir='ltr'><strong>reb</strong></span> 
     </span>
     <span class='ocr_line' id='line_1_27' title="bbox 560 3558 927 3614; baseline 0.005 -2"><span class='ocrx_word' id='word_1_215' title='bbox 560 3603 670 3613; x_wconf 93' lang='grc'>.....</span> <span class='ocrx_word' id='word_1_216' title='bbox 689 3559 750 3614; x_wconf 89' lang='lat' dir='ltr'><strong>illos</strong></span> <span class='ocrx_word' id='word_1_217' title='bbox 768 3558 837 3613; x_wconf 91' lang='lat' dir='ltr'><strong>mihi</strong></span> <span class='ocrx_word' id='word_1_218' title='bbox 854 3562 927 3614; x_wconf 89' lang='lat' dir='ltr'><strong>ante.</strong></span> 
     </span>
    </p>
   </div>
   <div class='ocr_carea' id='block_1_6' title="bbox 243 3653 445 3660">
    <p class='ocr_par' dir='ltr' id='par_1_6' title="bbox 243 3653 445 3660">
     <span class='ocr_line' id='line_1_28' title="bbox 243 3653 445 3660; baseline -0.015 0"><span class='ocrx_word' id='word_1_219' title='bbox 243 3653 445 3660; x_wconf 49' lang='lat' dir='ltr'><em>——u——n</em></span> 
     </span>
    </p>
   </div>
   <div class='ocr_carea' id='block_1_7' title="bbox 241 3712 1385 4198">
    <p class='ocr_par' dir='ltr' id='par_1_7' title="bbox 241 3712 1385 4198">
     <span class='ocr_line' id='line_1_29' title="bbox 241 3712 1385 3786; baseline -0.003 -18"><span class='ocrx_word' id='word_1_220' title='bbox 241 3715 394 3786; x_wconf 90' lang='lat' dir='ltr'><strong>impedient</strong></span> <span class='ocrx_word' id='word_1_221' title='bbox 412 3713 527 3783; x_wconf 88' lang='lat' dir='ltr'><strong>negotia</strong></span> <span class='ocrx_word' id='word_1_222' title='bbox 544 3712 670 3782; x_wconf 87' lang='lat' dir='ltr'><strong>quamvis</strong></span> <span class='ocrx_word' id='word_1_223' title='bbox 689 3724 789 3780; x_wconf 83' lang='lat' dir='ltr'><strong>tument,</strong></span> <span class='ocrx_word' id='word_1_224' title='bbox 814 3722 917 3782; x_wconf 79' lang='lat' dir='ltr'><strong>quinte</strong></span> <span class='ocrx_word' id='word_1_225' title='bbox 935 3712 1053 3768; x_wconf 86' lang='lat' dir='ltr'><strong>revisam</strong></span> <span class='ocrx_word' id='word_1_226' title='bbox 1075 3715 1125 3768; x_wconf 87' lang='lat' dir='ltr'><strong>aut</strong></span> <span class='ocrx_word' id='word_1_227' title='bbox 1147 3712 1260 3766; x_wconf 72' lang='lat' dir='ltr'><strong>deutera</strong></span> <span class='ocrx_word' id='word_1_228' title='bbox 1278 3712 1385 3766; x_wconf 90' lang='lat' dir='ltr'><strong>salvum</strong></span> 
     </span>
     <span class='ocr_line' id='line_1_30' title="bbox 244 3808 474 3868; baseline -0.004 -13"><span class='ocrx_word' id='word_1_229' title='bbox 244 3845 249 3855; x_wconf 88' lang='lat'>.</span> <span class='ocrx_word' id='word_1_230' title='bbox 265 3845 270 3855; x_wconf 93' lang='lat'><strong>.</strong></span> <span class='ocrx_word' id='word_1_231' title='bbox 284 3808 316 3854; x_wconf 81' lang='lat' dir='ltr'><strong>lis</strong></span> <span class='ocrx_word' id='word_1_232' title='bbox 334 3813 474 3868; x_wconf 78' lang='lat' dir='ltr'><strong>expectem.</strong></span> 
     </span>
     <span class='ocr_line' id='line_1_31' title="bbox 330 3881 1007 3953; baseline -0.003 -15"><span class='ocrx_word' id='word_1_233' title='bbox 330 3893 340 3938; x_wconf 94' lang='lat' dir='ltr'><strong>l</strong></span> <span class='ocrx_word' id='word_1_234' title='bbox 359 3882 512 3938; x_wconf 82' lang='lat' dir='ltr'><strong>Duodecim</strong></span> <span class='ocrx_word' id='word_1_235' title='bbox 530 3883 663 3949; x_wconf 87' lang='lat' dir='ltr'><strong>versibus,</strong></span> <span class='ocrx_word' id='word_1_236' title='bbox 681 3881 729 3950; x_wconf 92' lang='lat' dir='ltr'><strong>qui</strong></span> <span class='ocrx_word' id='word_1_237' title='bbox 746 3881 791 3935; x_wconf 89' lang='lat' dir='ltr'><strong>vix</strong></span> <span class='ocrx_word' id='word_1_238' title='bbox 809 3882 866 3951; x_wconf 88' lang='lat' dir='ltr'><strong>legi</strong></span> <span class='ocrx_word' id='word_1_239' title='bbox 882 3884 1007 3953; x_wconf 89' lang='lat' dir='ltr'><strong>possunt.</strong></span> 
     </span>
     <span class='ocr_line' id='line_1_32' title="bbox 326 3966 1382 4036; baseline -0.004 -13"><span class='ocrx_word' id='word_1_240' title='bbox 326 3975 342 4023; x_wconf 80' lang='lat'><strong>2</strong></span> <span class='ocrx_word' id='word_1_241' title='bbox 359 3966 449 4022; x_wconf 88' lang='lat' dir='ltr'><strong>Maius</strong></span> <span class='ocrx_word' id='word_1_242' title='bbox 465 3967 580 4022; x_wconf 88' lang='lat' dir='ltr'><strong>addidit.</strong></span> <span class='ocrx_word' id='word_1_243' title='bbox 616 3968 680 4021; x_wconf 90' lang='lat' dir='ltr'><strong>Non</strong></span> <span class='ocrx_word' id='word_1_244' title='bbox 696 3967 766 4021; x_wconf 84' lang='lat' dir='ltr'><strong>vidit</strong></span> <span class='ocrx_word' id='word_1_245' title='bbox 784 3967 889 4021; x_wconf 86' lang='lat' dir='ltr'><strong>amicus</strong></span> <span class='ocrx_word' id='word_1_246' title='bbox 907 3983 992 4021; x_wconf 88' lang='lat' dir='ltr'><strong>meus.</strong></span> <span class='ocrx_word' id='word_1_247' title='bbox 1017 3966 1082 4022; x_wconf 87' lang='lat' dir='ltr'><strong>Mox</strong></span> <span class='ocrx_word' id='word_1_248' title='bbox 1099 3984 1151 4036; x_wconf 93' lang='lat' dir='ltr'><strong>pro</strong></span> <span class='ocrx_word' id='word_1_249' title='bbox 1169 3973 1208 4021; x_wconf 80' lang='lat' dir='ltr'><strong>sei</strong></span> <span class='ocrx_word' id='word_1_250' title='bbox 1225 3983 1278 4020; x_wconf 85' lang='lat' dir='ltr'><strong>sec.</strong></span> <span class='ocrx_word' id='word_1_251' title='bbox 1297 3984 1333 4019; x_wconf 88' lang='lat' dir='ltr'><strong>m.</strong></span> <span class='ocrx_word' id='word_1_252' title='bbox 1352 3972 1382 4019; x_wconf 80' lang='lat' dir='ltr'><strong>si.</strong></span> 
     </span>
     <span class='ocr_line' id='line_1_33' title="bbox 327 4051 779 4121; baseline -0.004 -13"><span class='ocrx_word' id='word_1_253' title='bbox 327 4062 342 4108; x_wconf 86' lang='grc'><strong>3</strong></span> <span class='ocrx_word' id='word_1_254' title='bbox 362 4051 462 4121; x_wconf 91' lang='lat' dir='ltr'><strong>Incipit</strong></span> <span class='ocrx_word' id='word_1_255' title='bbox 479 4052 546 4106; x_wconf 77' lang='lat' dir='ltr'><strong>eod.</strong></span> <span class='ocrx_word' id='word_1_256' title='bbox 565 4053 661 4106; x_wconf 89' lang='lat' dir='ltr'><strong>Ambr.</strong></span> <span class='ocrx_word' id='word_1_257' title='bbox 679 4070 706 4121; x_wconf 90' lang='lat' dir='ltr'><strong>p.</strong></span> <span class='ocrx_word' id='word_1_258' title='bbox 720 4057 779 4106; x_wconf 80' lang='grc'>444.</span> 
     </span>
     <span class='ocr_line' id='line_1_34' title="bbox 326 4135 902 4198; baseline 0.003 -8"><span class='ocrx_word' id='word_1_259' title='bbox 326 4143 343 4190; x_wconf 84' lang='lat'>4</span> <span class='ocrx_word' id='word_1_260' title='bbox 360 4136 448 4192; x_wconf 89' lang='lat' dir='ltr'><strong>Maius</strong></span> <span class='ocrx_word' id='word_1_261' title='bbox 466 4135 562 4190; x_wconf 88' lang='lat' dir='ltr'><strong>scribit</strong></span> <span class='ocrx_word' id='word_1_262' title='bbox 579 4143 621 4198; x_wconf 81' lang='lat' dir='ltr'><strong>ad,</strong></span> <span class='ocrx_word' id='word_1_263' title='bbox 638 4135 815 4191; x_wconf 84' lang='lat' dir='ltr'><strong>Heindorfius</strong></span> <span class='ocrx_word' id='word_1_264' title='bbox 834 4157 850 4190; x_wconf 85' lang='lat' dir='ltr'><strong><em>a</em></strong></span> <span class='ocrx_word' id='word_1_265' title='bbox 868 4147 902 4192; x_wconf 86' lang='lat' dir='ltr'><strong>te.</strong></span> 
     </span>
    </p>
   </div>
   <div class='ocr_carea' id='block_1_8' title="bbox 327 4211 1469 4290">
    <p class='ocr_par' dir='ltr' id='par_1_8' title="bbox 327 4211 1469 4290">
     <span class='ocr_line' id='line_1_35' title="bbox 327 4211 1469 4290; baseline -0.003 -15"><span class='ocrx_word' id='word_1_266' title='bbox 327 4220 448 4275; x_wconf 85' lang='lat' dir='ltr'><strong>5Maius</strong></span> <span class='ocrx_word' id='word_1_267' title='bbox 482 4221 579 4276; x_wconf 89' lang='lat' dir='ltr'><strong>scribit</strong></span> <span class='ocrx_word' id='word_1_268' title='bbox 613 4229 696 4290; x_wconf 84' lang='lat' dir='ltr'><strong>culpa.</strong></span> <span class='ocrx_word' id='word_1_269' title='bbox 752 4221 864 4275; x_wconf 87' lang='lat' dir='ltr'><strong>Amicus</strong></span> <span class='ocrx_word' id='word_1_270' title='bbox 901 4221 972 4275; x_wconf 84' lang='lat' dir='ltr'><strong>vidit</strong></span> <span class='ocrx_word' id='word_1_271' title='bbox 993 4223 1044 4276; x_wconf 90' lang='lat' dir='ltr'><strong>has</strong></span> <span class='ocrx_word' id='word_1_272' title='bbox 1073 4221 1181 4275; x_wconf 86' lang='lat' dir='ltr'><strong>litteras</strong></span> <span class='ocrx_word' id='word_1_273' title='bbox 1211 4219 1383 4288; x_wconf 85' lang='lat' dir='ltr'><strong>superstites:</strong></span> <span class='ocrx_word' id='word_1_274' title='bbox 1460 4211 1469 4228; x_wconf 72' lang='lat'>⁸</span> 
     </span>
    </p>
   </div>
   <div class='ocr_carea' id='block_1_9' title="bbox 242 4388 1384 4882">
    <p class='ocr_par' dir='ltr' id='par_1_9' title="bbox 242 4388 1384 4614">
     <span class='ocr_line' id='line_1_36' title="bbox 327 4388 1384 4459; baseline -0.002 -17"><span class='ocrx_word' id='word_1_275' title='bbox 327 4395 342 4442; x_wconf 86' lang='lat'><strong>6</strong></span> <span class='ocrx_word' id='word_1_276' title='bbox 360 4390 436 4444; x_wconf 85' lang='lat' dir='ltr'><strong>Haec</strong></span> <span class='ocrx_word' id='word_1_277' title='bbox 454 4393 495 4444; x_wconf 85' lang='lat' dir='ltr'><strong>est</strong></span> <span class='ocrx_word' id='word_1_278' title='bbox 515 4391 598 4444; x_wconf 90' lang='lat' dir='ltr'><strong>lectio</strong></span> <span class='ocrx_word' id='word_1_279' title='bbox 615 4388 691 4444; x_wconf 80' lang='lat' dir='ltr'><strong>Maii.</strong></span> <span class='ocrx_word' id='word_1_280' title='bbox 730 4390 811 4444; x_wconf 89' lang='lat' dir='ltr'><strong>Dabo</strong></span> <span class='ocrx_word' id='word_1_281' title='bbox 835 4390 911 4458; x_wconf 90' lang='lat' dir='ltr'><strong>quod</strong></span> <span class='ocrx_word' id='word_1_282' title='bbox 927 4390 1011 4444; x_wconf 89' lang='lat' dir='ltr'><strong>hodie</strong></span> <span class='ocrx_word' id='word_1_283' title='bbox 1027 4389 1131 4459; x_wconf 88' lang='lat' dir='ltr'><strong>legitur</strong></span> <span class='ocrx_word' id='word_1_284' title='bbox 1156 4389 1185 4443; x_wconf 92' lang='lat' dir='ltr'><strong>in</strong></span> <span class='ocrx_word' id='word_1_285' title='bbox 1204 4388 1311 4453; x_wconf 87' lang='lat' dir='ltr'><strong>Codice,</strong></span> <span class='ocrx_word' id='word_1_286' title='bbox 1334 4389 1384 4441; x_wconf 85' lang='lat' dir='ltr'><strong>sed</strong></span> 
     </span>
     <span class='ocr_line' id='line_1_37' title="bbox 242 4472 1381 4544; baseline 0 -18"><span class='ocrx_word' id='word_1_287' title='bbox 242 4474 310 4527; x_wconf 89' lang='lat' dir='ltr'><strong>nihil</strong></span> <span class='ocrx_word' id='word_1_288' title='bbox 332 4473 392 4527; x_wconf 85' lang='lat' dir='ltr'><strong>sani</strong></span> <span class='ocrx_word' id='word_1_289' title='bbox 414 4475 520 4529; x_wconf 72' lang='lat' dir='ltr'><strong>extudit</strong></span> <span class='ocrx_word' id='word_1_290' title='bbox 544 4487 638 4544; x_wconf 76' lang='lat' dir='ltr'><strong>quomo</strong></span> <span class='ocrx_word' id='word_1_291' title='bbox 726 4480 914 4529; x_wconf 77' lang='lat' dir='ltr'><strong>desiderantius</strong></span> <span class='ocrx_word' id='word_1_292' title='bbox 937 4481 1040 4529; x_wconf 79' lang='lat' dir='ltr'><strong>desider</strong></span> <span class='ocrx_word' id='word_1_293' title='bbox 1059 4517 1064 4527; x_wconf 94' lang='lat'><em>.</em></span> <span class='ocrx_word' id='word_1_294' title='bbox 1080 4517 1085 4527; x_wconf 94' lang='lat'>.</span> <span class='ocrx_word' id='word_1_295' title='bbox 1104 4477 1130 4526; x_wconf 88' lang='lat' dir='ltr'><strong>A</strong></span> <span class='ocrx_word' id='word_1_296' title='bbox 1143 4516 1148 4527; x_wconf 94' lang='lat'>.</span> <span class='ocrx_word' id='word_1_297' title='bbox 1161 4472 1256 4527; x_wconf 64' lang='lat' dir='ltr'>REO).</span> <span class='ocrx_word' id='word_1_298' title='bbox 1272 4517 1277 4526; x_wconf 91' lang='lat'>.</span> <span class='ocrx_word' id='word_1_299' title='bbox 1292 4473 1335 4526; x_wconf 89' lang='grc' dir='ltr'><strong>,Ε</strong></span> <span class='ocrx_word' id='word_1_300' title='bbox 1355 4515 1381 4526; x_wconf 89' lang='grc'><strong>,.</strong></span> 
     </span>
     <span class='ocr_line' id='line_1_38' title="bbox 243 4557 1381 4614; baseline -0.001 -2"><span class='ocrx_word' id='word_1_301' title='bbox 243 4558 427 4614; x_wconf 69' lang='lat' dir='ltr'><strong>&#39;succincto</strong></span> <span class='ocrx_word' id='word_1_302' title='bbox 443 4601 448 4611; x_wconf 93' lang='lat'>.</span> <span class='ocrx_word' id='word_1_303' title='bbox 464 4601 469 4612; x_wconf 94' lang='lat'>.</span> <span class='ocrx_word' id='word_1_304' title='bbox 483 4561 526 4613; x_wconf 95' lang='lat' dir='ltr'><strong>A.</strong></span> <span class='ocrx_word' id='word_1_305' title='bbox 542 4603 547 4613; x_wconf 93' lang='lat'><strong>.</strong></span> <span class='ocrx_word' id='word_1_306' title='bbox 561 4557 734 4614; x_wconf 70' lang='lat' dir='ltr'>ENISSEOE.</span> <span class='ocrx_word' id='word_1_307' title='bbox 751 4600 756 4612; x_wconf 94' lang='lat'>.</span> <span class='ocrx_word' id='word_1_308' title='bbox 772 4601 777 4612; x_wconf 91' lang='lat'>.</span> <span class='ocrx_word' id='word_1_309' title='bbox 791 4563 837 4612; x_wconf 78' lang='lat' dir='ltr'><strong>bie.</strong></span> <span class='ocrx_word' id='word_1_310' title='bbox 868 4557 904 4610; x_wconf 92' lang='lat' dir='ltr'><strong>Hi</strong></span> <span class='ocrx_word' id='word_1_311' title='bbox 922 4560 986 4612; x_wconf 88' lang='lat' dir='ltr'><strong>suut</strong></span> <span class='ocrx_word' id='word_1_312' title='bbox 1003 4557 1057 4613; x_wconf 90' lang='lat' dir='ltr'><strong>duo</strong></span> <span class='ocrx_word' id='word_1_313' title='bbox 1068 4576 1160 4612; x_wconf 91' lang='lat' dir='ltr'><strong>versus</strong></span> <span class='ocrx_word' id='word_1_314' title='bbox 1179 4576 1241 4611; x_wconf 88' lang='lat' dir='ltr'><strong>eum</strong></span> <span class='ocrx_word' id='word_1_315' title='bbox 1258 4557 1381 4611; x_wconf 88' lang='lat' dir='ltr'><strong>dimidio.</strong></span> 
     </span>
    </p>

    <p class='ocr_par' dir='ltr' id='par_1_10' title="bbox 327 4643 798 4711">
     <span class='ocr_line' id='line_1_39' title="bbox 327 4643 798 4711; baseline -0.002 -14"><span class='ocrx_word' id='word_1_316' title='bbox 327 4651 341 4697; x_wconf 78' lang='lat'><strong>7</strong></span> <span class='ocrx_word' id='word_1_317' title='bbox 361 4643 417 4697; x_wconf 83' lang='lat' dir='ltr'><strong>Sor.</strong></span> <span class='ocrx_word' id='word_1_318' title='bbox 437 4648 587 4710; x_wconf 79' lang='lat' dir='ltr'><strong>circumfusi.</strong></span> <span class='ocrx_word' id='word_1_319' title='bbox 625 4650 798 4711; x_wconf 76' lang='lat' dir='ltr'><strong>Heindorfiue.</strong></span> 
     </span>
    </p>

    <p class='ocr_par' dir='ltr' id='par_1_11' title="bbox 326 4726 1380 4798">
     <span class='ocr_line' id='line_1_40' title="bbox 326 4726 1380 4798; baseline -0.002 -16"><span class='ocrx_word' id='word_1_320' title='bbox 326 4735 341 4782; x_wconf 83' lang='lat'>8</span> <span class='ocrx_word' id='word_1_321' title='bbox 359 4728 403 4781; x_wconf 87' lang='lat' dir='ltr'><strong>Ab</strong></span> <span class='ocrx_word' id='word_1_322' title='bbox 421 4728 475 4782; x_wconf 87' lang='lat' dir='ltr'><strong>hac</strong></span> <span class='ocrx_word' id='word_1_323' title='bbox 490 4743 558 4782; x_wconf 86' lang='lat' dir='ltr'><strong>voce</strong></span> <span class='ocrx_word' id='word_1_324' title='bbox 576 4745 663 4796; x_wconf 84' lang='lat' dir='ltr'><strong>usque</strong></span> <span class='ocrx_word' id='word_1_325' title='bbox 681 4730 718 4784; x_wconf 84' lang='lat' dir='ltr'><strong>ad</strong></span> <span class='ocrx_word' id='word_1_326' title='bbox 726 4739 866 4798; x_wconf 81' lang='lat' dir='ltr'><strong>praestare</strong></span> <span class='ocrx_word' id='word_1_327' title='bbox 879 4734 972 4797; x_wconf 79' lang='lat' dir='ltr'><strong>possim</strong></span> <span class='ocrx_word' id='word_1_328' title='bbox 984 4727 1024 4781; x_wconf 91' lang='lat' dir='ltr'><strong>nil</strong></span> <span class='ocrx_word' id='word_1_329' title='bbox 1035 4727 1129 4782; x_wconf 88' lang='lat' dir='ltr'><strong>videre</strong></span> <span class='ocrx_word' id='word_1_330' title='bbox 1140 4728 1170 4780; x_wconf 89' lang='lat' dir='ltr'><strong>in</strong></span> <span class='ocrx_word' id='word_1_331' title='bbox 1182 4727 1282 4782; x_wconf 81' lang='lat' dir='ltr'><strong>Codice</strong></span> <span class='ocrx_word' id='word_1_332' title='bbox 1294 4726 1380 4782; x_wconf 89' lang='lat' dir='ltr'><strong>licuit.</strong></span> 
     </span>
    </p>

    <p class='ocr_par' dir='ltr' id='par_1_12' title="bbox 327 4811 1178 4882">
     <span class='ocr_line' id='line_1_41' title="bbox 327 4811 1178 4882; baseline 0 -16"><span class='ocrx_word' id='word_1_333' title='bbox 327 4820 341 4866; x_wconf 83' lang='grc'><strong>9</strong></span> <span class='ocrx_word' id='word_1_334' title='bbox 359 4811 464 4881; x_wconf 83' lang='lat' dir='ltr'><strong>Supple</strong></span> <span class='ocrx_word' id='word_1_335' title='bbox 480 4829 576 4866; x_wconf 87' lang='lat' dir='ltr'><strong>versus</strong></span> <span class='ocrx_word' id='word_1_336' title='bbox 594 4811 623 4865; x_wconf 89' lang='lat' dir='ltr'><strong>in</strong></span> <span class='ocrx_word' id='word_1_337' title='bbox 639 4812 682 4867; x_wconf 86' lang='lat' dir='ltr'><strong>his</strong></span> <span class='ocrx_word' id='word_1_338' title='bbox 699 4812 805 4868; x_wconf 87' lang='lat' dir='ltr'><strong>lacunis</strong></span> <span class='ocrx_word' id='word_1_339' title='bbox 822 4814 910 4867; x_wconf 89' lang='lat' dir='ltr'><strong>ferme</strong></span> <span class='ocrx_word' id='word_1_340' title='bbox 930 4811 1058 4882; x_wconf 89' lang='lat' dir='ltr'><strong>quinque.</strong></span> <span class='ocrx_word' id='word_1_341' title='bbox 1084 4817 1178 4866; x_wconf 71' lang='lat' dir='ltr'><strong>Maius</strong></span> 
     </span>
    </p>
   </div>
   <div class='ocr_carea' id='block_1_10' title="bbox 0 0 1654 5950">
    <p class='ocr_par' dir='ltr' id='par_1_13' title="bbox 0 0 1654 5950">
     <span class='ocr_line' id='line_1_42' title="bbox 0 0 1654 5950; baseline 0 2"><span class='ocrx_word' id='word_1_342' title='bbox 0 0 1654 5950; x_wconf 95' lang='lat' dir='ltr'><strong> </strong></span> 
     </span>
    </p>
   </div>
  </div>
 </body>
</html>
