3300 5950
321 790 370 842 AD
388 787 516 842 VERUM
532 786 653 841 IMPER.
672 785 861 853 AURELIUM
878 785 1070 841 CAESAREM
1086 786 1194 841 LIBER
1211 788 1231 840 Ι.
1316 787 1376 852 113

600 1231 670 1314 (M.
688 1234 1011 1315 FRONTONIS

309 1403 646 1488 EPISTULARUM
671 1403 736 1475 AD
763 1403 932 1475 VERUM
957 1403 1301 1476 IMPERATOREM

544 1522 795 1603 AURELIUM
821 1521 1074 1595 CAESAREM

669 1688 860 1753 niara
897 1690 939 1774 Ι.)

652 1910 818 1997 (Domino
840 1910 963 1993 Meo.)¹

319 2100 325 2110 .
352 2099 357 2110 .
384 2098 390 2110 .
426 2046 485 2129 Sit,
509 2048 593 2130 quod
607 2040 717 2131 iubeS,
741 2033 866 2112 rectum
887 2047 1025 2111 fortasse
1047 2048 1103 2111 sed
1125 2069 1247 2112 serum:
1275 2070 1379 2132 neque

233 2151 318 2213 enim
334 2149 451 2232 omnia,
475 2171 557 2232 quae
572 2149 655 2212 ratio
678 2149 831 2233 postulat,
857 2148 957 2212 etiam
973 2152 1062 2212 aetas
1077 2150 1204 2213 toleral.
1220 2189 1262 2199 —
1277 2151 1332 2213 An
1342 2154 1379 2213 tu

233 2241 369 2334 cycnum
392 2272 486 2335 coges
508 2251 544 2315 in
564 2251 678 2315 ullima
694 2251 844 2314 cantione
861 2252 1024 2315 cornicum
1038 2250 1167 2315 voculas
1183 2251 1379 2315 aemulari?²

351 2404 356 2415 .
383 2405 388 2415 .
415 2403 421 2415 .
471 2353 599 2436 ingenio
632 2353 830 2437 discrepanti
866 2353 1034 2417 iuberesne
1073 2375 1124 2416 me
1169 2354 1231 2417 niti
1266 2357 1378 2417 contra

231 2458 390 2535 naturam,
416 2454 546 2518 adverso
570 2455 653 2537 quod
676 2455 767 2517 aiunl
789 2453 964 2519 flumine3?
1008 2443 1101 2538 Quid,
1128 2455 1155 2518 si
1177 2456 1248 2539 quis
1270 2458 1378 2538 postu-

230 2555 322 2638 laret,
347 2558 383 2618 ul
404 2555 555 2619 Phidias²
576 2555 699 2619 ludicra
728 2559 784 2619 aul
806 2554 976 2621 Canachus
1004 2557 1098 2621 deum
1126 2556 1297 2620 simulacra
1319 2556 1378 2618 fin-

231 2656 347 2741 geret?
380 2661 436 2721 aul
459 2656 597 2721 Calamis
619 2657 766 2722 Turena4
789 2663 845 2723 aul
866 2658 1070 2743 Polycletusf’
1091 2657 1252 2721 Etrusca?
1296 2656 1379 2732 Quid

232 2760 258 2822 si
280 2758 507 2822 Parrhasium⁶
531 2759 720 2824 versicolora
742 2760 877 2845 pingere
899 2760 1040 2844 iuberet,
1071 2763 1127 2823 aul
1148 2759 1287 2844 Apellen
1308 2760 1378 2823 uni-

232 2861 347 2944 oolora,
372 2864 428 2924 aul
449 2860 593 2925 Nealcen
615 2862 798 2946 magnifica,
832 2866 887 2925 aut
908 2861 1027 2926 Nician
1049 2863 1194 2944 obseura,
1226 2864 1281 2925 aut
1303 2861 1377 2925 Dio-

231 2960 359 3048 nysium
386 2962 552 3045 inluslria,
590 2965 645 3026 aut
673 2962 824 3028 lascivia⁷
853 2962 1114 3049 Euphranorem,
1150 2965 1206 3027 aul
1226 2962 1377 3027 Pausiam

201 3143 202 3146 Ἴ
233 3063 446 3153 [plroe[l]ia?⁸
496 3065 536 3128 ln
563 3065 688 3146 poetisb
708 3068 824 3128 autem
853 3066 924 3148 quis
952 3066 1084 3150 ignorat
1111 3069 1148 3129 ut
1174 3064 1305 3150 gracilis
1335 3065 1377 3128 sit

316 3253 333 3288 a
350 3240 384 3288 In
401 3240 526 3302 morpine:
546 3232 599 3297 Qui
613 3195 750 3288 artificum
769 3233 837 3301 quid
853 3234 951 3288 melius
974 3233 1076 3303 singuli
1093 3234 1218 3288 fecerint.
1254 3233 1377 3288 Fictores

230 3320 338 3373 nobiles
356 3318 469 3372 Phidias
489 3329 537 3372 etc.

314 3405 333 3457 b
352 3408 385 3456 In
403 3409 528 3472 margine:
547 3401 619 3466 Quid
637 3402 739 3473 singuli
757 3405 859 3473 poetae
876 3404 1023 3473 proprium
1039 3403 1154 3458 habent.

317 3580 328 3626 1
348 3573 461 3642 Ambigi
478 3574 572 3643 potest
590 3573 624 3626 de
643 3573 707 3627 sede
726 3573 806 3627 huius
825 3574 985 3642 fragmenti,
1004 3574 1079 3640 quod
1096 3574 1244 3642 legebatur
1257 3580 1380 3640 quatuor

229 3657 368 3728 prioribus
385 3657 496 3728 paginis
515 3656 622 3712 Codicis
639 3657 777 3711 Vaticani.
813 3657 951 3726 Equidem
968 3656 997 3711 in
1014 3657 1122 3711 incesta
1139 3674 1169 3711 re
1188 3659 1297 3712 seculus
1315 3676 1374 3712 sum

230 3742 417 3798 coniecturam
434 3742 502 3796 Maii
518 3742 595 3796 haud
611 3741 835 3811 improbabilem.
1367 3755 1375 3766 ‘

314 3827 472 3896 2Ulraque
491 3826 630 3881 sententia
648 3820 756 3881 a'Maio
774 3826 913 3897 exscripta
931 3844 946 3881 e
964 3828 1091 3897 margine
1108 3845 1174 3897 pag.
1184 3834 1208 3894 2,
1226 3845 1292 3882 nam
1309 3829 1376 3881 lunc
1426 3815 1429 3819 ’

228 3913 285 3965 iam
302 3912 378 3965 lotus
397 3912 540 3966 contextus
558 3911 736 3965 oblilieralus
755 3912 822 3966 erai.
852 3911 953 3981 Incipis
969 3913 1035 3982 posi
1051 3913 1122 3967 haec
1138 3930 1166 3982 p.
1182 3919 1204 3965 1.

314 4003 329 4050 3
347 3996 379 4048 In
396 3994 531 4063 margine,
551 3995 600 4048 ubi
618 3994 755 4050 sententia
773 3994 917 4064 repelitur,
936 3997 1051 4066 legitur:
1071 4001 1202 4052 iuberesne
1220 4017 1257 4051 me
1275 4003 1374 4066 ingenio

229 4086 400 4147 discrepante.
436 4083 532 4133 Maius.

312 4169 328 4215 4
347 4162 412 4218 Cod.
433 4181 486 4218 seo.
506 4181 542 4218 m.
562 4173 657 4218 turino.

313 4253 328 4300 5
346 4248 377 4300 In
395 4248 522 4318 margine
541 4252 687 4318 Polyclitus.

313 4338 328 4384 6
347 4332 379 4385 In
395 4333 521 4403 margine
540 4332 598 4387 sine
616 4339 639 4387 ἠ.

314 4417 390 4470 Vlla
408 4415 508 4472 Codex.

313 4506 328 4554 8
347 4500 426 4555 Carie
445 4519 527 4557 exesa
545 4504 587 4556 est
605 4504 665 4556 tum
683 4503 736 4557 hoc
747 4505 808 4559 ium
821 4503 882 4558 aliis
894 4504 962 4558 locis
974 4505 1139 4558 membrana
1150 4503 1230 4556 huius
1241 4503 1370 4572 paginae.

227 4586 263 4638 nt
287 4585 400 4653 quidem
423 4585 485 4640 heic
509 4588 630 4656 quatuor
648 4588 697 4642 aul
723 4587 846 4657 quinque
872 4588 984 4643 liiterae
1011 4588 1128 4642 amissae
1154 4587 1323 4641 videbantur
1343 4587 1371 4640 in

227 4671 334 4736 lacuna,
356 4671 470 4739 praeiet
486 4670 607 4726 inceidas
630 4672 698 4726 duas
716 4690 785 4741 quas
803 4673 881 4727 uncis
897 4673 1002 4728 inclusi.
1039 4672 1143 4743 Scripsi
1161 4673 1255 4727 autem
1270 4679 1372 4741 proelia

227 4755 342 4825 propter
359 4754 549 4824 Euphranoris
570 4757 697 4812 tabulam
717 4757 818 4828 proelii
842 4759 989 4828 equestris,
1016 4775 1100 4827 quam
1123 4758 1247 4812 celebrat
1269 4757 1372 4811 Plinius

226 4840 335 4893 XXXV.
356 4845 395 4894 11.
415 4858 477 4894 cum
493 4841 631 4896 Pausania
648 4843 669 4896 l.
683 4850 706 4898 3.
743 4849 839 4898 Maius.

243 4956 246 4962 '
266 4963 364 4998 ERON'I'.
378 4964 413 4998 ET
425 4964 526 5002 AUREL.
541 4965 631 5000 irrisu.
1149 4933 1168 4993 8

1459 1417 1475 1477 o
1490 1416 1506 1503 p·

1456 1483 1470 1509 s
