3300 5950
679 752 959 808 Psonacoumu.
999 733 1002 742 “
1306 773 1395 820 xm

339 924 472 989 Praeter
492 924 692 1008 fragmenta,
723 946 803 1008 quae
832 925 872 987 ad
895 924 1014 987 calcem
1036 924 1140 1008 operis
1163 925 1394 1007 exhibebimus

256 1029 331 1089 ante
364 1030 526 1111 repertum
555 1027 695 1090 codicem
722 1026 972 1089 Ambrosianum
1009 1027 1071 1089 duo
1104 1026 1178 1090 libri
1213 1027 1396 1111 argumenti

255 1129 458 1213 grammatici
484 1127 641 1192 Frontoni
667 1128 903 1191 tribuebantur.
947 1127 1072 1191 Horum
1101 1128 1183 1191 alter
1209 1129 1245 1191 13
1267 1129 1395 1213 quibus-

255 1232 328 1293 dam
350 1229 510 1293 codicibus
531 1230 719 1294 inscribitur
741 1234 784 1293 M.
809 1236 974 1293 Frontonis
1002 1234 1153 1309 Exempla
1175 1234 1393 1312 Elocutr'onum,

254 1332 289 1394 in
312 1331 384 1395 aliis
405 1352 481 1396 vero
496 1335 643 1395 drusiani
664 1330 734 1415 (seu
754 1330 926 1410 Volusiani)
949 1335 1044 1395 Messi
1065 1335 1235 1410 (laudrico.
1273 1331 1396 1395 Auctor

255 1433 415 1516 excerpsit
436 1455 475 1496 ex
497 1434 649 1516 quattuor
671 1431 882 1514 scriptoribus
902 1431 1068 1514 Terentio,
1099 1432 1267 1516 Cicerone,
1293 1431 1394 1497 Sallu-

255 1535 316 1597 stio
344 1537 378 1598 et
399 1533 552 1618 Virgilio,
582 1555 662 1617 quae
690 1536 805 1597 notatu
827 1534 944 1618 dignae
974 1534 1160 1597 viderentur
1187 1533 1392 1616 elocutiones

254 1636 301 1699 ita
322 1639 360 1700 ut
380 1636 466 1719 ipsas
488 1635 669 1699 litterarum
696 1635 806 1699 ordine
828 1635 988 1699 lemmatis
1009 1635 1079 1699 loco
1101 1638 1251 1718 poneret,
1281 1635 1394 1699 deinde

254 1739 352 1801 verba
374 1737 584 1821 subiungeret
605 1736 780 1819 scriptoris,
806 1736 891 1820 apud
906 1759 1001 1820 quern
1020 1736 1206 1800 invenisset.
1235 1736 1306 1800 Iam
1320 1758 1394 1800 vero

254 1877 297 1888 -
319 1861 432 1923 sequor
453 1837 624 1903 Niebuhrii
645 1838 799 1901 iudicium
820 1876 864 1886 —-
884 1841 1054 1921 postquam
1075 1838 1248 1902 Frontonis
1271 1838 1309 1901 de
1331 1837 1394 1901 Ro-

255 1940 343 2003 mani
365 1939 520 2003 sermonis
543 1939 725 2003 auctoribus
747 1939 901 2003 iudicium
921 1940 1081 2025 innotuit,
1111 1940 1165 2023 qui
1193 1941 1231 2003 de
1254 1938 1393 2023 Virgilio

256 2045 288 2106 et
309 2041 460 2105 Terentio
482 2043 605 2123 taceat,
636 2038 822 2105 Ciceronem
845 2041 1079 2124 antiquioribus
1108 2044 1193 2104 certe
1215 2062 1281 2104 non
1302 2062 1393 2124 prae-

255 2143 348 2227 ferat,
372 2142 443 2226 quis
464 2142 556 2206 illum
579 2143 697 2224 credat,
722 2143 748 2205 si
770 2141 865 2205 huius
887 2142 1015 2226 generis
1038 2142 1118 2205 libro
1140 2143 1392 2206 consarcinando

255 2266 385 2327 operam
407 2244 553 2326 dicasset,
576 2264 642 2307 non
664 2241 818 2306 Catonem
840 2243 946 2326 potius
967 2243 1059 2306 illurn
1081 2265 1174 2306 suum
1188 2243 1393 2327 Enniumque

257 2368 328 2409 cum
350 2345 385 2410 C.
410 2345 523 2430 Cripso
550 2344 767 2408 adhibiturum
794 2344 919 2408 fuisse?
961 2345 1074 2427 ltaque
1102 2366 1168 2408 non
1193 2346 1257 2409 fuit
1278 2366 1393 2429 operae

254 2448 393 2531 pretium
420 2450 487 2510 tam
514 2450 645 2511 tenuem
677 2445 815 2528 opellam
847 2446 998 2530 recipere.
1043 2446 1137 2510 Alter
1163 2447 1245 2509 liber
1276 2450 1325 2510 est
1356 2452 1394 2509 de

255 2555 435 2629 differentiis
472 2554 694 2612 vocabulorum.
750 2547 964 2612 Consentiunt
996 2548 1220 2611 Berolinenses
1257 2548 1393 2611 editores

254 2650 372 2714 librum
392 2650 489 2713 vilem
511 2671 579 2713 esse
602 2652 634 2712 et
655 2669 815 2732 nugarum
837 2649 984 2732 plenum,
1015 2650 1071 2713 sed
1098 2652 1266 2733 perspecto
1293 2648 1392 2712 Fron-

254 2752 340 2815 tonis
362 2752 504 2835 ingenio,
528 2753 651 2834 negant
673 2750 765 2813 nobis
786 2750 883 2813 licere
906 2752 935 2813 31
958 2751 1141 2814 abiudicare
1163 2751 1246 2833 quod
1268 2749 1393 2813 minimi
1423 2819 1425 2821 ,

255 2854 297 2916 311
323 2853 429 2935 pretii.
474 2851 578 2927 Quum
604 2853 713 2914 tamen
740 2851 913 2915 Frontonis
946 2852 1101 2915 editiones
1137 2852 1269 2915 minime
1301 2873 1393 2914 rarae

255 2956 330 3038 sint,
353 2954 499 3038 equidem
520 2975 587 3017 non
609 2975 738 3016 necesse
760 2952 860 3017 habui
881 2955 1025 3038 repetere
1046 2954 1130 3037 quod
1150 2952 1203 3016 vix
1225 2953 1393 3037 quisquam

254 3056 350 3140 leget.

338 3157 434 3221 Nunc
449 3157 618 3221 dicendum
634 3159 683 3219 est
697 3157 735 3221 de
751 3157 923 3221 Frontonis
940 3156 1089 3240 operibus
1111 3178 1193 3239 quae
1214 3155 1391 3239 perierunt.

255 3260 305 3324 Ac
325 3259 464 3344 primum
486 3259 639 3321 maiorem
659 3262 786 3342 partem
807 3259 1007 3322 intercidisse
1030 3261 1165 3341 apparet
1186 3257 1393 3341 epistolarum

256 3362 296 3425 ad
322 3360 366 3425 M.
390 3361 593 3424 Antoninum
617 3359 700 3443 Imp.
745 3360 890 3423 Primum
917 3363 966 3423 331
994 3358 1132 3423 Charisii
1160 3360 1390 3441 testimonium,

255 3463 309 3548 qui
330 3463 477 3546 quintum
498 3461 616 3524 librum
636 3460 795 3544 laudavit3
817 3462 1014 3546 fragmenta,
1037 3483 1118 3544 quae
1142 3461 1226 3544 apud
1248 3483 1321 3524 eum
1343 3482 1393 3523 su-

254 3567 402 3648 persunt,
434 3562 589 3631 collocata
610 3563 743 3626 1331331
765 3563 800 3626 13
821 3563 926 3626 medio
949 3563 1066 3632 codice.
1111 3560 1244 3625 Illorum
1265 3565 1392 3645 quater-

253 3666 387 3728 nionum
408 3667 525 3748 autem,
550 3664 633 3747 quod
656 3686 752 3747 supra
775 3665 850 3747 dixi,
874 3686 995 3747 paucae
1016 3666 1145 3726 tantum
1165 3665 1306 3747 paginae
1328 3685 1393 3726 331-

254 3769 347 3830 13133
374 3769 464 3848 3331;
498 3769 622 3829 3313133
648 3766 785 3829 13113333
813 3764 984 3848 aliquando
1010 3766 1102 3828 nobis
1125 3765 1298 3828 reddentur
1321 3787 1393 3828 cunr

253 3867 349 3931 tertio
372 3866 506 3932 Concilii
521 3867 692 3949 volumine,
717 3868 800 3950 quod
814 3867 882 3929 fere
897 3869 1002 3929 totum
1017 3867 1179 3930 constabit
1193 3866 1278 3929 foliis
1293 3865 1392 3929 Fron-

253 3969 409 4051 tonianis,
443 3991 520 4032 narn
548 3990 720 4052 progressu
746 3970 850 4052 operis
879 3990 1004 4051 semper
1030 3968 1121 4031 illinc
1148 3967 1242 4051 plura
1269 3968 1393 4031 desum-

254 4073 312 4153 pta
334 4072 419 4133 sunt.
940 4136 946 4143 ,

339 4169 522 4255 Sequuntur
549 4172 710 4234 orationes
738 4194 874 4255 quarum
900 4172 1053 4235 memoria
1075 4166 1249 4234 instaurari
1270 4168 1392 4252 potuit:

340 4273 368 4334 1.
414 4271 583 4336 Orationes
605 4273 820 4357 panegyricas
844 4273 1022 4355 complures
1038 4274 1078 4335 ad
1092 4271 1293 4335 Hadrianum
1309 4270 1390 4353 Jmp.

255 4372 303 4436 Cf.
329 4372 369 4435 ad
390 4372 435 4435 M.
460 4371 548 4438 Caes.
571 4373 668 4457 1171.

225 4544 233 4567 ⁸
338 4474 368 4536 2.
414 4473 584 4539 Orationes
605 4476 685 4539 item
706 4477 922 4560 panegyricas
944 4475 1121 4558 complures
1144 4475 1184 4537 ad
1205 4474 1309 4539 Pium.
1341 4475 1390 4540 Cf.
1428 4536 1436 4555 ,

254 4575 294 4637 ad
316 4575 440 4639 Anton.
464 4574 558 4645 Pium
579 4577 608 4640 2.
653 4577 765 4640 Inhis
788 4577 925 4658 331311,
955 4599 1018 4659 qua
1038 4576 1206 4639 victoriam
1227 4575 1392 4640 Britanni—

255 4698 325 4739 cam
347 4676 528 4760 gratulatus
550 4680 599 4741 est
620 4677 755 4761 Fronto,
784 4681 867 4741 teste
888 4677 1061 4757 Eumenio,
1090 4677 1187 4741 tertio
1209 4680 1246 4740 ut
1267 4679 1393 4741 videtur

253 4776 304 4839 Pii
326 4777 515 4860 imperantis
539 4801 638 4862 ann03
665 4782 734 4842 tum
761 4780 833 4862 illa,
862 4800 959 4861 quam
986 4778 1067 4841 dixit
1090 4778 1200 4841 consul
1229 4782 1318 4842 sexto
1340 4778 1391 4841 Pii
