3300 5950
634 788 815 842 PRINCIPIA
833 789 1038 845 fflsroalan.
1341 795 1405 858 209

167 983 170 990 ·
263 959 422 1042 lectant¹‚
460 980 536 1022 narn
569 980 663 1041 saepe
696 958 889 1023 Parthorum
918 960 1042 1043 legatos
1076 982 1189 1043 pacem
1221 964 1402 1043 precanteis

264 1059 438 1123 dismisisse
460 1061 603 1124 inritos².

347 1161 494 1226 Iustitiae
517 1184 639 1245 quoque
661 1166 693 1225 et
717 1162 905 1227 clementiae
919 1161 1006 1225 fama
1022 1163 1107 1246 apud
1122 1164 1274 1227 barbaros
1290 1169 1402 1228 sancta

264 1261 302 1324 de
325 1262 437 1326 Lucio:
461 1262 618 1327 Traianus
646 1285 712 1326 non
740 1264 888 1327 omnibus
914 1285 1013 1347 aeque
1040 1269 1207 1349 purgatus.
1253 1265 1402 1349 Regnum

262 1362 471 1447 fortunasque
493 1386 565 1428 suas
589 1366 622 1427 in
645 1365 740 1428 fidem
762 1365 839 1428 Luci
856 1365 1028 1429 contulisse
1043 1366 1204 1428 neminem
1226 1367 1401 1450 paenituit:

263 1463 403 1528 Traiano
431 1466 541 1529 caedes
569 1466 800 1530 Parthamasiri
838 1466 923 1550 regis
951 1465 1104 1549 suplicis³
1131 1466 1216 1529 haud
1244 1468 1321 1530 satis
1350 1490 1401 1530 ex-

213 1618 218 1626 .
264 1568 384 1628 cusata.
430 1566 591 1630 Tametsi⁴
619 1568 704 1631 ultro
726 1568 779 1630 ille
801 1568 866 1629 vim
890 1570 1041 1650 coeptans
1068 1566 1208 1630 tumultu
1241 1571 1310 1630 orto
1338 1589 1401 1630 me·

262 1667 325 1728 rIto
347 1667 538 1731 interfectus
561 1672 619 1751 est,
642 1669 772 1732 meliore
794 1672 903 1731 tamen
925 1667 1140 1731 Romanorum
1163 1668 1251 1731 fama
1273 1670 1403 1752 impune

262 1768 395 1850 supplex
419 1769 538 1831 abisset
560 1790 654 1852 quam
673 1770 747 1831 iure
768 1757 959 1851 supplicium
980 1768 1106 1851 luisset,
1130 1779 1267 1853 namque
1288 1770 1402 1833 talium

261 1868 441 1932 facinorum
465 1890 560 1932 causa
581 1869 660 1931 facti
682 1869 777 1951 latet,
802 1870 924 1933 factum
947 1872 1112 1951 spectatur
1133 1869 1291 1954 longeque
1312 1893 1402 1954 prae-

262 1971 327 2031 stat
356 1969 495 2032 seeundo
522 1970 668 2052 gentium
695 1991 821 2033 rumore
850 1970 1001 2033 iniuriam
1027 1970 1201 2054 neglegere
1230 1993 1326 2054 quarn
1349 1972 1401 2034 ad-

264 2090 354 2132 verso
376 2069 568 2133 vindicaret
1045 2081 1048 2087 '

347 2170 437 2233 Bello
470 2169 621 2234 Parthico
654 2174 786 2255 utroque
824 2172 1007 2236 consulares
1041 2173 1102 2236 viri
1134 2173 1194 2236 duo
1227 2174 1401 2236 exereitum

263 2271 389 2354 utrique
417 2272 572 2334 ducentes
592 2272 791 2336 obtruncati:
826 2272 1035 2337 Severianus⁵
1068 2274 1205 2356 quidem,
1235 2273 1333 2336 Lucio
1361 2274 1401 2336 ab

262 2372 339 2436 urbe
364 2370 532 2455 ltnecdum
561 2373 657 2435 etiam
684 2375 757 2437 tum'
781 2375 942 2456 profecto,
971 2374 1131 2437 enimvero
1156 2396 1228 2437 cum
1249 2395 1400 2457 praesens

261 2457 416 2535 Traianus
450 2472 611 2555 Euphrati
633 2477 665 2537 et
691 2474 831 2558 Tigridis
859 2475 1000 2558 portoria
1028 2496 1179 2557 equorum
1207 2477 1238 2537 et
1266 2474 1400 2536 camelo-

260 2595 330 2635 rum
356 2570 492 2659 trib[uta
514 2574 623 2662 onera]
649 2625 656 2638 .
683 2577 711 2638 .⁷
740 2598 793 2639 cer
822 2597 931 2639 caesus
960 2578 1019 2638 est.
1063 2575 1147 2638 Illud
1175 2572 1297 2661 eti[am]
1321 2596 1399 2637 com-

259 2695 347 2737 muue
369 2676 503 2754 uirisque
527 2688 571 2739 est
593 2683 664 2740 vitto
687 2677 818 2740 datumh
848 2676 1020 2739 histriones
1049 2697 1087 2739 ex
1109 2676 1188 2738 urbe
1210 2676 1245 2737 in
1274 2674 1400 2738 Suriam

260 2775 410 2838 acuisset
456 2775 517 2840 Sed
540 2778 684 2860 profecto
706 2778 789 2841 sicut
811 2778 959 2841 arbomm
983 2776 1160 2840 altissimas.
1179 2775 1400 2839 vehementius

258 2877 364 2938 ventis
387 2878 475 2959 quati
498 2878 650 2960 videmus,
680 2879 726 2941 ita
754 2879 889 2941 virtutes
919 2878 1074 2940 maximas
1101 2877 1223 2939 invidia
1251 2877 1398 2939 crimino-

243 2978 324 3040 sius
354 2979 570 3042 insectatum
617 2979 763 3044 Ceterum
786 2979 869 3042 bello
892 2980 968 3041 an¹⁰
990 3000 1069 3062 pace
1093 2978 1207 3041 clarior
1235 2977 1394 3039 Traianus

345 3163 362 3198 a
380 3150 413 3198 In
431 3152 555 3213 marpiae:
578 3146 706 3213 Namque
724 3175 791 3184 -—
810 3145 942 3199 vindicari
961 3147 1026 3212 (cic).

343 3230 361 3281 b
382 3233 414 3282 Iu
431 3235 556 3297 marytre:
574 3229 646 3283 Laus
665 3229 785 3283 Traiani.

344 3329 358 3365 c
376 3317 409 3365 Iu
427 3319 551 3381 ruarpine:
569 3313 607 3366 Ut
625 3314 739 3367 arbores
758 3313 805 3371 alt,
826 3344 858 3352 —
877 3313 955 3379 quati
972 3313 1014 3366 ita
1031 3311 1147 3395 virtutes
1166 3343 1232 3349 --
1250 3312 1369 3365 incessit.

261 3421 282 3426 ‘·
345 3473 354 3518 l
377 3465 474 3519 Testes
491 3465 544 3518 Dio
562 3465 682 3518 LXVIII.
703 3470 733 3518 17
758 3467 787 3518 et
803 3464 902 3518 Victor
918 3460 1039 3517 XLVIII.
1062 3469 1103 3529 10,
1127 3464 1335 3516 contradicente
1353 3480 1398 3515 ne-

259 3550 407 3616 quicquam
424 3549 513 3602 Plinio
531 3549 635 3617 Paneg.
656 3565 677 3602 c.
699 3549 777 3601 met
796 3554 835 3602 17.
872 3553 966 3602 Matar.

345 3635 419 3687 2De
435 3632 623 3702 legationibus
645 3632 681 3685 ad
704 3632 857 3686 Traianum
878 3631 1001 3698 loquitur
1018 3632 1070 3685 Dio
1093 3631 1154 3685 loco
1173 3632 1266 3684 citato.
1304 3636 1397 3683 Maius.

343 3719 420 3771 alta
438 3717 538 3771 Codex.
561 3715 600 3770 Of.
620 3716 734 3785 Eutrop.
753 3715 856 3770 Hister.
874 3716 946 3770 VIII.
966 3722 989 3769 2.
1014 3715 1066 3769 Dio
1084 3715 1205 3768 LXVIII.
1226 3722 1265 3769 18.
1303 3719 1398 3785 Maius.

342 3802 433 3854 4801·Ι
455 3807 519 3856 Num
537 3806 591 3856 etsi.
628 3805 801 3868 Heindorfius.

342 3891 357 3938 5
375 3887 416 3939 De
435 3903 467 3939 eo
491 3886 524 3938 cf.
542 3884 656 3938 Lucian.
674 3884 866 3953 pseudomant.
891 3902 914 3938 c.
934 3891 978 3950 27,
1002 3886 1063 3937 tum
1081 3901 1173 3951 quom.
1191 3882 1256 3936 hist.
1276 3900 1298 3935 o.
1318 3888 1349 3934 21
1369 3883 1398 3934 et

257 3976 297 4021 25.
336 3973 429 4022 Maius.
1039 3968 1044 3981 ¹

341 4059 356 4104 6
374 4052 474 4127 Incipit
492 4051 558 4105 cod.
577 4070 603 4120 p.
623 4058 681 4117 260,
699 4053 824 4107 obscura.

342 4136 479 4205 'ISuppIe
496 4152 600 4204 paucas
621 4134 738 4189 litteras.
767 4137 811 4190 Ita
832 4136 930 4191 Maius.
966 4136 1034 4189 Post
1056 4140 1150 4188 tributa
1173 4133 1334 4187 exciderunt
1352 4132 1396 4184 de-

258 4238 317 4274 com
336 4223 394 4275 fere
411 4221 530 4274 litterae.
567 4219 620 4286 oui
643 4237 738 4274 caesus
761 4227 803 4274 est
824 4237 927 4275 nomen
944 4219 1043 4273 habuit
1059 4218 1219 4271 Maximum.
1254 4216 1328 4268 Malo
1346 4215 1397 4267 ita-

258 4323 324 4372 quo:
355 4349 360 4358 .
383 4349 388 4358 .
409 4347 414 4357 .
434 4311 584 4359 contelerunt
602 4306 703 4358 tributa
719 4304 845 4358 locaret.
866 4347 871 4357 .
891 4324 935 4357 cer
953 4321 1042 4356 coesus
1060 4313 1105 4356 est.
1142 4301 1221 4365 Quod
1239 4315 1340 4352 nomen
1359 4299 1396 4350 la-

257 4391 325 4456 teat,
343 4390 511 4457 ignoramus.
547 4390 591 4442 An
608 4396 693 4443 ulter?

341 4473 414 4527 eof.
441 4472 494 4527 Dio
517 4473 639 4527 LXVIII.
662 4479 695 4528 24
717 4474 745 4526 et
768 4470 916 4539 Capitolia
936 4470 970 4522 de
988 4470 1018 4522 L.
1036 4468 1103 4523 Veri
1128 4466 1262 4520 theatrali
1279 4465 1393 4518 insania.

258 4564 358 4696 Mutus&
376 4641 419 4695 Ita
437 4641 538 4696 Codex.
574 4640 712 4706 Quattuor
730 4639 838 4693 litteras
857 4638 1016 4691 coniectura
1034 4635 1167 4704 supplevi.
1203 4606 1292 4686 Mam
1310 4633 1393 4685 habpl

257 4748 272 4780 e
290 4727 416 4796 margine
434 4733 546 4780 incessit.

326 4819 356 4866 10
376 4811 479 4864 Codex:
502 4817 536 4863 in.

292 4932 391 4967 PRON'I'.
408 4931 442 4964 ΕΤ
455 4930 555 4965 quat.
570 4928 660 4970 ΕΡῐβΤ.
1157 4891 1195 4953 14
