3300 5950
565 794 612 847 DE
635 792 751 847 FERIIS
770 792 1009 848 ALSIENSIBUS.
1295 799 1383 864 229.

302 968 385 1031 Tum
406 968 513 1031 lovem
539 966 612 1029 deos
636 964 714 1028 alios
736 967 960 1047 percontatum
983 964 1257 1050 animadvertisse,
1287 989 1358 1052 gra-

218 1071 298 1133 tiam
319 1069 450 1153 vigiliae
478 1067 678 1151 aliquantum
705 1065 840 1149 pollere3
868 1065 1025 1130 Iunonem
1053 1066 1219 1151 plerosque
1247 1071 1358 1151 partus

217 1176 391 1235 nocturnos
407 1170 503 1251 ciere,
527 1169 705 1233 Minervam
719 1169 837 1231 artium
852 1171 947 1251 atque
962 1168 1121 1232 artificum
1135 1169 1335 1252 magistraml
1348 1170 1356 1209 ¹

218 1272 353 1335 multum
374 1271 502 1355 vigilari
523 1270 618 1353 velle3
646 1269 784 1332 Martem
810 1272 985 1332 uoctmnas
1018 1270 1200 1352 eruptiones
1228 1273 1261 1332 et
1282 1270 1358 1334 insi-

219 1372 286 1435 dias
315 1373 458 1435 mutare²
485 1372 609 1454 iuvare,
640 1370 800 1435 Venerem
827 1390 901 1433 vero
929 1373 962 1433 et
984 1370 1133 1434 Liberum
1162 1372 1264 1434 multo
1292 1394 1357 1434 ma-

217 1475 301 1537 xime
328 1472 591 1557 pernoctantibus
618 1472 737 1535 favere.
783 1470 879 1554 Capit
911 1474 980 1533 tum
1014 1472 1180 1535 consilium
1212 1472 1358 1556 Iuppiter

218 1573 327 1638 Somni
349 1574 538 1657 procreandi
561 1573 713 1657 eumque3
735 1573 771 1636 in
793 1572 887 1635 deum
901 1594 1070 1636 numerum
1085 1573 1245 1655 adsciscit,
1269 1574 1357 1637 nocti

217 1678 250 1739 et
274 1676 339 1739 otio
366 1675 530 1758 praeficit⁴
560 1674 650 1757 eique
680 1674 784 1737 claves
812 1673 974 1736 oculorum
1001 1674 1131 1737 tradita.
1176 1673 1357 1737 Herbarum

217 1797 339 1859 quoque
367 1798 475 1857 sucos,
505 1775 618 1859 quibus
648 1774 742 1839 eorda
768 1773 934 1836 hominum
962 1773 1098 1837 Somnus
1120 1775 1256 1858 sopiret,
1272 1822 1275 1826 ss
1291 1775 1357 1838 suis

216 1877 360 1960 Iuppiter
381 1878 530 1940 manibus
551 1876 746 1958 temperut⁵z
770 1874 952 1938 securitatis
982 1878 1015 1938 et
1036 1874 1210 1957 voluptatis
1238 1876 1357 1940 herbae

217 1978 255 2040 de
278 1977 358 2041 caeli
379 1998 508 2041 nemore
531 1977 698 2059 advectae,
728 1977 766 2039 de
789 1976 984 2039 Acheruntis
1007 1979 1114 2038 autem
1135 1977 1275 2059 prateis6
1299 1977 1357 2040 leti

216 2078 316 2141 herba
338 2078 449 2161 petita.
495 2078 573 2142 Eius
607 2078 663 2142 leti
692 2079 818 2162 guttam
846 2099 944 2141 unam
977 2077 1149 2160 aspersisse
1177 2078 1355 2160 minimam,

217 2181 337 2263 quanta
360 2179 590 2243 dissimulantis
612 2179 746 2243 lacrima
769 2200 837 2242 esse
859 2178 970 2242 soletb.

300 2279 381 2362 Hoc,
405 2281 520 2365 inquit,
545 2303 620 2345 suco
642 2302 787 2364 soporem
809 2279 992 2343 hominibus
1015 2301 1071 2361 per
1086 2280 1250 2343 oculorum
1264 2302 1355 2364 repa-

219 2382 296 2465 gula
317 2382 440 2466 inriga:
465 2382 588 2465 cuncti,
618 2382 732 2465 quibus
754 2381 918 2465 inrigariS,
942 2381 1015 2444 ilico
1038 2384 1112 2463 post
1132 2382 1354 2464 procumbent,
1459 2456 1462 2461 ,

217 2505 275 2566 pro
290 2532 296 2546 .
312 2532 319 2546 .
334 2533 341 2547 .
357 2482 508 2547 mortuis⁷
523 2482 701 2547 immobiles
723 2482 888 2546 iacebunt:
920 2485 990 2546 tum
1010 2486 1047 2545 tu
1068 2504 1109 2546 ne
1130 2482 1253 2565 timete,
1280 2506 1357 2546 nam

216 2584 346 2648 vivent⁸
370 2588 401 2648 et
423 2584 518 2667 paulo
540 2591 622 2670 post,
646 2584 701 2648 ubi
724 2583 959 2669 evigilaverint,
984 2586 1167 2667 exsurgent.

300 2685 377 2749 Post
398 2686 431 2747 id
452 2686 596 2770 Iuppiter
619 2687 702 2769 alas,
726 2708 791 2749 non
819 2689 857 2749 ut
883 2685 1042 2748 Mercurio
1069 2685 1204 2768 talares,
1235 2685 1291 2748 sed
1318 2689 1355 2748 ut

215 2786 493 2851 Α111ο111111111ο19
517 2792 647 2871 exaptos
670 2787 787 2851 Somno
814 2787 994 2850 adnexuit0.

299 2888 372 2951 Non
396 2890 482 2952 enim
503 2892 535 2952 te
557 2890 632 2953 solis
655 2891 711 2951 aut
719 2889 743 2928 ¹⁰
765 2887 862 2951 talari
883 2890 999 2949 ornatu
1027 2888 1068 2950 ad
1094 2887 1229 2970 pupulas
1256 2888 1355 2950 homi-

216 3012 293 3053 num
316 2993 348 3053 et
363 2990 565 3073 palpebras¹¹
580 2991 743 3054 incurrere
758 2990 885 3071 oportet
908 2986 1059 3051 11111111112
1081 2989 1218 3070 strepitu
1233 2992 1266 3052 11
1284 3011 1356 3052 cum

301 3176 318 3212 a
334 3163 368 3211 In
385 3163 509 3225 marytres
532 3156 660 3226 Iuppiter
678 3171 774 3209 somno
793 3155 883 3208 claves
902 3156 1044 3208 oculorum
1061 3155 1184 3209 tradidit.

300 3243 370 3295 blo
388 3247 511 3310 marpine:
532 3241 618 3295 Gutta
635 3258 713 3294 uua.
735 3283 741 3294 .
761 3282 766 3292 .
788 3281 793 3292 .
813 3257 922 3306 aspersa
941 3238 1138 3293 dissimulantis
1156 3243 1205 3293 est.

302 3344 316 3379 c
334 3330 367 3379 In
385 3331 509 3394 marpine:
531 3325 656 3394 Iuppiter
674 3324 732 3378 alas
751 3338 847 3377 somno
865 3338 921 3376 non
933 3323 964 3375 ut
974 3323 1111 3377 Mercurio
1129 3324 1239 3390 talares,
1257 3324 1306 3378 sed
1324 3326 1356 3377 111

216 3410 311 3464 Amori
329 3424 438 3464 umeros
457 3411 568 3463 exactos
586 3407 687 3462 Somno
706 3407 846 3462 adnexuit.

302 3571 315 3617 l
334 3562 434 3632 Incipit
452 3561 517 3616 cod.
537 3580 564 3630 p.
584 3566 641 3614 214.

300 3646 506 3701 avocabulum
524 3646 691 3714 corruptum.
716 3645 759 3696 An
777 3649 856 3697 tutari
873 3649 898 3697 el
915 3648 1010 3697 iurare.
1039 3649 1211 3712 Heindorfius.
1240 3643 1353 3698 Fuitne:

216 3739 322 3787 iusidias
340 3737 461 3785 militares
479 3737 584 3784 iuvare?
620 3732 736 3783 Orellius.
771 3726 909 3796 Hauptius
928 3728 1003 3782 delet
1020 3739 1124 3783 mutare.

300 3816 394 3872 30111.
412 3813 510 3869 Maius.

299 3906 315 3954 4
334 3900 439 3953 Codex:
458 3902 596 3965 praefecit.

300 3990 316 4038 5
333 3982 434 4037 Maius:
455 3990 611 4049 temperavit.

300 4073 315 4120 6
334 4066 375 4119 De
393 4081 470 4119 more
488 4081 540 4118 see.
559 4084 594 4119 m.
615 4082 698 4119 corr:
720 4072 813 4134 pratis.
831 4096 863 4104 -
883 4070 972 4120 Letum
989 4064 1101 4134 proprie
1120 4066 1162 4118 est
1179 4071 1277 4122 obliuio.
1313 4066 1352 4119 Cf.

217 4152 306 4205 Varro
324 4151 354 4204 L.
373 4150 403 4203 L.
422 4149 483 4203 VII.
502 4154 534 4202 42
553 4150 582 4203 et
598 4149 717 4203 Festum.
754 4155 850 4205 Maius.
955 4196 958 4201 .

300 4241 314 4287 7
334 4232 399 4288 Cod.
418 4232 489 4287 PRO
509 4276 515 4287 .
536 4276 542 4287 .
561 4276 567 4287 .
588 4231 663 4286 UJOR
682 4276 687 4286 .
706 4232 772 4287 UlS.
808 4233 898 4287 Maius
915 4233 1007 4286 locum
1024 4233 1096 4288 male
1115 4232 1256 4302 supplevit
1272 4241 1354 4301 proti-

216 4339 262 4372 nus
279 4323 372 4372 viribus
389 4323 450 4373 suis.

300 4407 316 4455 8
332 4401 382 4455 Ed.
401 4401 525 4455 Mediol.:
543 4406 568 4455 oi
583 4407 667 4455 veniet
682 4407 768 4469 paulo.
804 4401 995 4455 Emendarunt
1011 4400 1155 4454 triumviri.

300 4492 316 4540 9
333 4486 376 4538 An
394 4490 502 4539 omero?
525 4485 562 4539 Et
578 4484 619 4539 ita
630 4485 805 4539 Niebuhrius.
840 4484 1013 4539 Ec-ksteinius
1032 4485 1139 4540 confert
1155 4483 1289 4539 Lucilium
1306 4503 1351 4556 ap.

215 4570 286 4624 Non.
305 4576 330 4622 4.
349 4577 365 4623 3
383 4570 412 4622 et
428 4570 534 4623 mavult
551 4589 636 4624 umero
654 4580 774 4637 exaplos.

284 4660 316 4707 10
333 4652 427 4706 Potius
445 4665 477 4707 et.
514 4658 689 4721 Heindorfius.

286 4744 314 4789 11
335 4736 400 4790 Cod.
419 4754 461 4804 pr.
481 4754 517 4790 m.
536 4742 698 4806 palepehras.

285 4829 315 4875 12
333 4819 473 4889 Legerim:
492 4822 541 4875 aut
557 4828 660 4878 curruli.
695 4827 870 4888 Heindorfiua.
