3300 5950
677 737 956 794 eaoaaeonaun.
1316 762 1390 808 xxv
1486 709 1489 714 ⁴

255 912 343 979 cellis
365 913 511 996 degeret,
533 912 605 976 vide
627 912 693 975 eius
716 912 907 994 rescriptum
929 910 970 993 V,
993 911 1045 975 59.
1074 911 1193 976 Caesar
1214 916 1388 996 occupatus

255 1017 359 1082 estin
380 1015 521 1093 radipert
545 1014 766 1078 convertendis
795 1014 888 1076 etin
918 1012 1118 1077 elaborandis
1145 1013 1223 1078 locis
1253 1037 1390 1079 commu-

254 1118 359 1182 nibus
405 1116 547 1181 Conatur
575 1116 765 1200 persuadere
787 1115 950 1199 magistro⁴
971 1137 1005 1179 se
1028 1136 1096 1179 esse
1117 1117 1210 1180 multi
1233 1118 1346 1181 somni.

339 1218 436 1285 Anno
466 1218 526 1281 142
553 1219 647 1282 datae
670 1221 755 1300 sunt,
791 1221 828 1280 ut
855 1217 1000 1299 equidem
1032 1217 1189 1300 existimo,
1219 1217 1390 1284 Frontonis

256 1320 454 1405 aegrotantis
477 1319 630 1403 epistolae
643 1319 684 1402 V,
701 1320 753 1383 40.
777 1319 819 1381 42
843 1341 914 1383 cum
930 1318 1074 1384 Caesaris
1097 1321 1260 1403 rescriptis
1282 1319 1322 1403 V,
1336 1321 1388 1383 41.
1452 1312 1456 1321 ’

255 1424 306 1489 43.
336 1423 406 1487 lam
427 1424 523 1487 natae
545 1424 620 1485 sunt
639 1421 748 1485 Marco
771 1422 851 1485 duae
873 1421 973 1504 filiae,
995 1422 1115 1485 Fronto
1137 1425 1244 1485 autem
1265 1423 1391 1486 laborat

256 1526 398 1610 podagra
431 1527 464 1587 11
491 1523 529 1586 (11
562 1546 716 1607 aquarum
749 1546 808 1587 usu
836 1522 1001 1586 deliberat.
1051 1524 1139 1587 Hinc
1175 1525 1318 1607 suspicor
1351 1525 1391 1587 ad

257 1626 391 1689 eundem
417 1647 538 1689 annum
564 1625 676 1692 referri
704 1625 818 1688 debere
852 1625 973 1708 priores
1002 1624 1154 1708 epistolas
1181 1625 1277 1708 primi
1304 1626 1388 1689 libri.

257 1727 387 1791 Scilicet
413 1727 604 1810 respondere
632 1727 757 1790 videtur
784 1725 902 1790 Caesar
934 1748 972 1789 ea
1001 1726 1150 1809 epistola,
1188 1748 1269 1810 quae
1298 1727 1391 1790 nobis

257 1831 305 1893 est
332 1828 364 1910 I,
394 1829 431 1911 2,
465 1850 524 1912 pro
558 1850 620 1911 qua
653 1830 764 1911 utpote
792 1831 937 1892 amanter
970 1829 1090 1911 scripta
1117 1827 1237 1892 Fronto
1268 1829 1391 1912 gratias

257 1932 327 2015 agit
347 1932 382 1994 in
405 1931 498 2014 epist.
521 1930 547 2012 I,
571 1931 601 1994 3.
648 1929 815 2013 Sequentis
848 1929 1000 2012 epistolae
1029 1952 1110 2013 quae
1138 1930 1309 1993 Frontonis
1331 1932 1390 2010 est,

256 2033 282 2115 I,
301 2034 329 2114 1,
353 2054 419 2096 non
436 2032 500 2096 nisi
522 2033 672 2124 exignum
693 2033 912 2116 fragmentum
927 2035 1089 2097 servatum
1111 2035 1174 2096 est:
1197 2030 1298 2095 mittit
1321 2021 1404 2094 cum

258 2133 392 2218 epistola
412 2133 571 2197 ludicrum
593 2156 671 2218 opus
694 2156 755 2217 quo
778 2134 932 2198 Somnum
953 2134 1105 2215 laudavit,
1131 2135 1219 2197 cuius
1241 2133 1393 2197 memoria

197 2236 201 2243 ’
257 2237 287 2299 11
307 2258 437 2319 prorsus
459 2235 636 2317 exciderat,
667 2257 738 2298 cum
766 2235 882 2319 viginti
913 2235 1006 2299 annis
1032 2238 1105 2319 post
1127 2235 1296 2319 epistolam
1317 2234 1393 2298 scri·

257 2338 356 2419 beret,
381 2358 461 2421 quae
484 2337 601 2402 dicitur
622 2338 661 2403 de
682 2336 784 2401 Feriis
811 2336 1023 2401 Alsiensibus.
1067 2337 1254 2421 Respondet
1276 2336 1394 2401 Caesar

258 2442 291 2503 et
312 2439 390 2503 satis
411 2439 540 2503 inficeto
562 2438 714 2503 Somnum
737 2441 867 2503 accusat
887 2438 913 2521 I,
935 2439 970 2522 43
993 2438 1112 2502 Fronto
1135 2442 1244 2503 tamen
1265 2439 1301 2503 in
1323 2460 1394 2522 pro-

257 2540 323 2604 lixa
350 2539 494 2623 epistola,
524 2539 550 2622 I,
573 2538 609 2623 5,
634 2540 762 2625 singula
790 2540 954 2604 examinat
975 2543 1007 2603 et
1035 2540 1182 2603 laudibus
1209 2540 1244 2603 in
1272 2540 1394 2603 caelum

259 2641 359 2706 effert.
392 2641 516 2727 Operae
537 2642 677 2726 pretium
692 2645 741 2706 est
763 2642 879 2724 videre,
904 2645 941 2706 ut
962 2641 1006 2704 M.
1024 2640 1153 2705 Caesari
1176 2641 1293 2726 viginti
1315 2642 1393 2705 duos

259 2765 360 2810 annos
382 2746 459 2807 nato
482 2746 549 2806 tam
569 2743 691 2807 insulsa
713 2743 902 2807 declamatio
928 2743 1054 2826 placere
1076 2744 1227 2826 potuerit.

342 2846 457 2910 Annus
479 2844 623 2928 sequitur
646 2845 716 2910 143.
753 2844 793 2909 ln
816 2844 951 2927 epistola
972 2844 1012 2927 V,
1037 2844 1078 2909 32
1101 2844 1218 2909 Caesar
1239 2845 1394 2929 magistro

258 2946 440 3032 gratulatur
462 2946 513 3010 die
535 2946 652 3030 natali,
680 2947 708 3011 is
736 2950 843 3011 autem
865 2946 987 3031 gratias
1010 2947 1080 3031 agit
1100 2947 1136 3010 in
1158 2947 1251 3031 epist.
1276 2945 1316 3029 V,
1341 2948 1392 3011 33.

258 3048 326 3114 Has
349 3049 512 3132 excipiimt
533 3049 686 3132 epistolae
707 3070 827 3134 magno
849 3070 982 3113 numero
1004 3049 1141 3132 scriptae
1163 3049 1326 3113 mensibus
1343 3049 1394 3111 lu-

258 3151 301 3215 lio
328 3154 361 3214 et
383 3151 549 3234 Augusto,
580 3172 651 3214 cum
672 3149 793 3214 Fronto
822 3151 932 3214 consul
960 3150 1111 3215 suffectus
1138 3153 1238 3233 esset,
1266 3151 1394 3214 Marcus

260 3255 366 3317 autem
387 3251 524 3336 Neapoli
546 3253 685 3336 degeret.
716 3252 913 3336 Incipiamus
928 3275 947 3316 1
963 3252 1107 3318 Caesaris
1129 3252 1272 3337 epistolis
1293 3252 1336 3334 Il,
1356 3254 1393 3315 11

177 3429 179 3433 ,
259 3356 292 3418 et
315 3355 364 3437 12,
387 3376 521 3438 quarum
542 3353 727 3438 fragmenta
749 3357 876 3418 servata
898 3358 988 3437 sunt,
1011 3353 1165 3418 habemus
1180 3355 1215 3418 in
1229 3355 1269 3418 iis
1292 3376 1395 3417 exem·

259 3455 313 3538 pla
345 3456 550 3539 epistolarum
581 3456 709 3520 illarum
743 3456 960 3520 remissiorum
991 3459 1024 3519 et
1051 3456 1281 3538 Tullianamm,
1316 3478 1395 3539 quas

259 3557 378 3621 Fronto
401 3556 477 3620 alibi
499 3557 619 3620 laudat.
665 3556 698 3621 Si
722 3557 832 3622 Cicero
855 3579 907 3621 eas
928 3557 1035 3642 legere
1057 3558 1228 3640 potuisset,
1258 3556 1395 3620 multum

199 3668 225 3685 ²
259 3679 370 3723 vereor
405 3681 448 3722 an
478 3660 547 3743 ipse
581 3681 703 3744 quoque
737 3683 790 3723 eas
822 3681 881 3743 pro
903 3659 1060 3723 Tullianis
1091 3658 1204 3722 haberi
1231 3654 1393 3722 voluisset.

259 3757 381 3824 Eodem
402 3759 696 3824 Tulliano'diceudi
720 3783 838 3846 genere
861 3760 979 3826 Caesar
999 3761 1101 3825 utitur
1122 3761 1158 3824 in
1180 3760 1272 3844 epist.
1295 3760 1338 3843 II,
1362 3761 1393 3842 5,

259 3859 314 3926 ubi
336 3861 374 3925 de
396 3860 567 3926 Polemone
589 3862 742 3926 iudicium
768 3863 833 3926 fert
856 3865 888 3925 et
909 3863 944 3926 in
966 3863 1059 3945 epist.
1082 3861 1125 3944 ΙΙ,
1148 3863 1179 3944 6,
1202 3862 1237 3925 in
1260 3884 1322 3944 qua
1344 3862 1396 3925 de-

259 3962 391 4047 scriptio
414 3963 493 4027 caeli
515 3962 732 4047 Neapolitani.
767 3963 863 4048 Legit
884 3967 1006 4028 veteres
1028 3963 1199 4047 scriptores
1221 3963 1394 4046 Romanos,

259 4085 393 4150 quorum
414 4065 530 4129 diserte
552 4065 762 4129 nominantur
777 4065 857 4130 Cato
873 4068 906 4128 et
919 4065 1083 4129 Laberius.
1115 4063 1261 4128 Breviter
1275 4064 1395 4127 Fronto

259 4155 430 4250 respondet
443 4165 486 4249 H,
504 4166 533 4230 7.
564 4166 604 4231 In
627 4167 762 4251 epistola
776 4166 803 4250 I,
827 4168 847 4231 6
870 4166 982 4232 scribit
1004 4165 1131 4246 Caesar,
1144 4188 1177 4230 se
1198 4165 1282 4248 patri
1304 4187 1395 4248 prae-

258 4268 375 4353 legisse
396 4270 522 4352 partem
544 4271 727 4353 excerptam
742 4290 759 4332 e
773 4268 946 4332 Frontonis
963 4269 1107 4332 oratione
1129 4268 1275 4351 quadam,
1299 4288 1395 4350 quam

227 4452 229 4456 Ι
258 4369 352 4433 hodie
379 4368 440 4433 viri
467 4370 552 4434 docti
580 4370 762 4434 inscribunt
783 4371 822 4434 de
843 4370 1047 4434 testamentis
1069 4367 1309 4450 transmarinis,
1339 4369 1395 4432 sed

258 4493 323 4535 non
357 4471 513 4535 diversam
546 4493 616 4535 eam
649 4494 717 4536 esse
746 4473 882 4536 coniicio
910 4495 929 4536 a
955 4471 1057 4536 nobili
1083 4470 1140 4532 1111
1166 4469 1309 4533 oratione
1336 4491 1395 4554 pro

259 4571 419 4655 Bithynis.
466 4573 583 4638 Caesar
616 4571 766 4637 describit
799 4573 929 4657 insigne
956 4572 1191 4656 fragmentum,
1226 4572 1309 4655 quod
1336 4572 1395 4635 Pio

170 4713 173 4719 »
257 4694 334 4756 prae
358 4672 471 4736 ceteris
493 4673 659 4757 placuerat
681 4677 713 4737 et
734 4697 792 4738 nos
815 4674 968 4758 epistolae
990 4672 1155 4756 beneficio,
1180 4673 1268 4737 cuius
1289 4672 1395 4737 lacera

257 4774 401 4839 membra
430 4773 535 4840 Maius
566 4797 736 4859 perperam
768 4776 960 4859 composuit,
993 4796 1160 4862 possumus
1194 4775 1394 4858 aliquatenus
