3300 5950
616 799 814 855 EPISTULAE
834 798 1010 854 CRAECAE.
1316 800 1381 866 249

242 978 343 1043 αἰτίαν
366 976 464 1041 αὐτὸ(
487 974 689 1056 ἀποβάλλων.
734 973 772 1037 Οἱ
793 974 851 1053 μἐν
873 972 951 1053 γάρ,
976 971 1020 1036 dic
1043 972 1079 1035 εὺ
1102 975 1177 1056 φῄς,
1200 970 1301 1037 ἀλλον
1324 970 1380 1035 ἀλ-

243 1084 302 1145 λου
325 1079 526 1159 ιτροτιθέαειν
555 1077 586 1141 οἱ
607 1076 686 1141 κατὰ
709 1076 858 1154 διαθήκαε
881 1074 1096 1154 χαριζόμενοι·
1130 1076 1210 1155 φημὶ
1232 1076 1270 1153 δὴ
1293 1075 1380 1153 παρά

242 1182 368 1247 τούτων
401 1179 571 1261 λαμβάνειν
600 1179 779 1258 προεήκειν.
824 1177 863 1241 Οἱ
891 1178 926 1240 δ’
948 1175 988 1239 αὖ
1011 1180 1145 1255 ζῶντεε,
1173 1176 1218 1240 oe
1246 1176 1283 1239 εὺ
1306 1179 1380 1260 φῄε,

243 1285 368 1349 ἑαυτῶν
390 1283 465 1346 τοὺε
488 1282 619 1363 φίλουε,
644 1279 692 1345 οἷ(
714 1278 907 1360 χαρίζονται,
931 1282 1139 1357 προτιμῶειν·
1174 1279 1218 1341 δι’
1240 1278 1320 1342 αὐτὸ
1345 1279 1380 1341 δέ

242 1390 339 1451 τοῦτο
362 1384 440 1465 φημὶ
468 1386 534 1448 δεῖν
557 1383 596 1446 τὰ
622 1381 811 1461 πεμπόμενα
832 1382 873 1461 μὴ
897 1379 1086 1460 προείεεθαι.
1134 1381 1218 1459 Βαρὺ
1241 1381 1302 1458 γάρ
1326 1378 1380 1444 ἀν-

242 1508 306 1552 τωε
328 1487 377 1556 καὶ
399 1485 615 1564 ὑπεροπτικὸν
637 1486 686 1548 καὶ
707 1482 918 1565 τυραννικόν,
944 1481 989 1545 ὼε
1011 1481 1155 1561 ἀληθῶε,
1178 1481 1215 1545 τὸ
1238 1482 1381 1561 δέχεεθαι

241 1591 299 1654 τάἐ
320 1588 469 1652 τοιαύταε
491 1588 711 1668 προτιμήεειε,
735 1587 770 1651 ἐν
793 1584 844 1649 αἷε
872 1585 891 1649 δ
919 1591 1019 1663 τιμῶν
1042 1584 1153 1662 ἕτερον
1176 1583 1274 1661 δῆλόε
1296 1585 1379 1649 έετιν
1416 1574 1418 1582 ⁴
1504 1622 1510 1633 ·

242 1692 339 1755 αὐτὸ(
362 1690 466 1754 αὑτὸν,
484 1688 643 1768 ἀτιμάζων
666 1690 717 1752 καὶ
740 1688 775 1754 ἐν
791 1688 930 1767 δευτέρῳ
945 1686 1039 1749 τιθεὶε
1053 1689 1111 1748 τοθ
1128 1686 1380 1765 προτιμωμένου.

243 1792 327 1857 Οὐδὲ
353 1792 414 1871 γὰρ
442 1790 544 1856 ἵππον
567 1790 722 1870 ἀναβαίην
744 1788 801 1862 ἀν,
830 1789 892 1868 ἀφ’
915 1786 954 1851 οὗ
977 1787 1115 1868 καταβάε
1138 1786 1235 1851 αὐτό(
1258 1808 1308 1878 τι(
1331 1790 1382 1852 καὶ

243 1893 391 1975 βαδίζων,
414 1893 468 1971 ἐμὲ
491 1894 526 1958 δὲ
547 1892 733 1958 ίππάζεεθαι
755 1890 870 1969 ἀξιοίη·
893 1889 970 1955 οὐδὲ
989 1890 1025 1953 ἐν
1048 1888 1171 1970 θεάτρῳ
1194 1890 1380 1968 καθεζοίμην

243 1996 283 2060 ἀν
293 1993 313 2077 ¹,
338 1993 439 2058 ἄλλου
467 2014 519 2072 μοι
541 1983 811 2076 ὑπανιεταμένου,
843 1992 920 2060 οὐδὲ
947 1990 1071 2070 ἱμάτιον
1100 1990 1248 2069 δεξαίμην
1276 1990 1316 2055 ἀν
1344 1991 1380 2055 έν
1441 2017 1443 2021 ’

243 2100 400 2175 χειμῶνοε
418 2094 503 2177 ὥρᾳ,
527 2093 556 2159 εἴ
569 2116 615 2159 τι(
630 2094 853 2174 ἀποδυόμενοι
879 2092 1030 2177 ίῖριγέρη3
1053 2094 1109 2171 μὲν
1133 2092 1247 2169 αὐτόε,
1270 2092 1324 2171 ἐμὲ
1346 2093 1382 2156 δέ

244 2196 443 2277 ἀμφιεννύοι.
489 2196 685 2277 Οἰκειότεροε
711 2197 773 2277 γὰρ
802 2196 899 2261 αὐτὸ(
927 2196 1057 2259 έκαετοε
1084 2194 1171 2279 αὐτῷ
1202 2194 1252 2258 καὶ
1273 2211 1382 2274 προτι-

243 2293 354 2378 μᾶεθαι
375 2298 457 2375 πρὸ(
479 2298 578 2363 αὑτοῦ
601 2298 804 2378 δικαιότεροε.

328 2401 395 2485 Φῄε
418 2401 453 2464 δὲ
475 2400 560 2466 ξένια
581 2402 621 2479 μή
645 2401 819 2480 πέμπεεθαι
842 2404 935 2484 θεοίε.
965 2401 1007 2464 Ἣ
1025 2398 1097 2477 οὐχὶ
1119 2399 1205 2466 ξένια
1226 2396 1285 2461 τὰ4
1307 2418 1382 2477 ψαι-
1478 2480 1482 2489 Ι

245 2504 313 2581 (τά,
335 2502 468 2567 πόπανα
491 2502 540 2566 καὶ
562 2502 618 2566 τό5
640 2503 710 2582 μέλι
738 2504 789 2566 καὶ
817 2502 836 2566 δ
867 2501 959 2567 οίνοε
987 2501 1231 2585 ᾧεπένδομεν;
1259 2498 1304 2563 oc
1332 2501 1383 2563 καὶ

243 2606 281 2670 τὸ
303 2605 386 2682 γάλα
407 2605 457 2668 καὶ
479 2605 518 2668 τὰ
541 2603 706 2684 επλάγχνα
727 2605 766 2668 τὰ
780 2608 847 2669 τῶν
869 2604 1010 2684 <ιερείων·
1033 2603 1083 2667 καὶ
1105 2602 1123 2667 ό
1147 2603 1325 2682 λιβανωτόε
1347 2604 1383 2666 δὲ

244 2710 351 2774 ξένιον
371 2709 456 2771 θεοῦ.

327 2810 435 2873 Ταῦτα
461 2809 518 2886 μὲν
545 2808 628 2888 πρὸ(
655 2808 695 2871 τά
721 2807 785 2871 ὑπὸ
815 2811 873 2872 εοθ
907 2813 1018 2888 εοκρῶε
1046 2808 1096 2870 καὶ
1123 2809 1269 2871 πιθανῶε
1296 2805 1383 2870 πάνυ

243 2911 402 2991 δημοείων
431 2931 465 2975 τε
494 2910 543 2973 καὶ
571 2909 665 2976 θείων
693 2910 744 2973 καὶ
771 2912 929 2989 διαθηκῶν
953 2908 1025 2987 πέρι
1046 2908 1271 2988 προτεθέντων
1294 2908 1382 2972 ένθυ-

243 3015 374 3092 μήματα.
419 3013 466 3076 Τά
487 3014 522 3075 δὲ
545 3013 628 3090 παρ’
650 3012 728 3089 ἐμοθ
751 3015 850 3074 ταῦτα
872 3010 1004 3089 εἰρήεθω
1026 3010 1078 3074 διὰ
1094 3010 1242 3089 βραχέων
1250 3009 1271 3072 ⁰.
1301 3011 1383 3074 Ὅεα

244 3114 340 3179 αἰτεῑν
364 3114 493 3178 ἀναιδὲε
516 3113 565 3175 καὶ
588 3113 775 3192 φιλοκερδὲε
798 3111 849 3174 καὶ
864 3109 1101 3189 πλεονεκτικόν,
1123 3113 1287 3175 ταῦτακαὶ
1302 3113 1383 3190 παρ’

244 3215 375 3280 έκόντοε
398 3214 567 3294 λαμβάνειν
591 3203 710 3301 δμοίωε
732 3213 885 3278 ἀναιδοῦε
910 3212 999 3277 τινὸε
1021 3213 1070 3276 καὶ
1092 3212 1304 3292 φιλοκερδοθε
1327 3212 1382 3277 ἀν-

233 3318 321 3396 δρὸε
343 3318 393 3380 καὶ
406 3315 626 3398 πλεονέκτου·
649 3315 745 3380 αἰτεῖν
767 3315 802 3379 δέ
817 3335 853 3391 γε
876 3315 915 3379 τὰ
936 3314 1058 3393 μεγάλα
1080 3313 1217 3390 ἀναιδέε,
1240 3316 1324 3379 πολὺ
1347 3317 1383 3379 δὲ

244 3417 365 3498 μᾶλλόν
387 3439 424 3494 γε
446 3419 625 3498 λαμβάνειν.
672 3417 727 3482 Καὶ
755 3419 851 3482 οὐδὲν
881 3418 1045 3496 διήνεγκεν
1074 3415 1100 3480 εἰ
1127 3418 1208 3496 παρ)
1230 3416 1381 3482 ἑκόντοε7

245 3519 399 3600 λαμβάνοι
431 3539 478 3583 τι(
501 3568 645 3582 .......
653 3519 664 3556 ⁸
698 3518 718 3581 ἀ
751 3519 828 3583 τοὺε
860 3519 918 3598 μὲν
952 3518 1139 3596 πέμποντα(
1171 3519 1383 3598 πενεετέρουε

329 3711 342 3758 1
362 3703 462 3759 Omisit
478 3702 575 3770 Maius,
595 3703 717 3758 sednon
735 3702 836 3757 desunt
852 3701 882 3755 in
901 3701 1001 3756 Codice
1019 3702 1146 3771 vestigia.

329 3795 344 3842 2
362 3787 463 3858 Incipit
481 3787 547 3843 Cod.
566 3807 593 3857 p.
614 3793 670 3842 143.

328 3880 343 3927 3
360 3873 449 3926 Maius
466 3872 536 3941 legit
553 3890 661 3941 ριπωη,
681 3872 785 3926 amicus
802 3890 920 3941 ρειπωη.
946 3871 1072 3926 Correxit
1089 3872 1236 3926 Iacobsius.

327 3964 344 4010 4
363 3957 423 4010 Om.
442 3955 540 4010 Maius.
1163 4023 1165 4028 Ι

329 4041 513 4110 5Perperam
529 4041 618 4095 Maius
635 4059 676 4096 τε.
707 4041 835 4095 Correxit
852 4042 1001 4097 Ieoobsius.
1036 4041 1224 4096 Memorabilis
1242 4041 1286 4095 est
1304 4040 1382 4094 Codi-

245 4125 283 4179 cis
300 4125 383 4179 lectio
401 4127 417 4179 δ
436 4127 631 4191 επενδόμενοε.

330 4217 345 4264 θ
364 4208 430 4264 Cod.
451 4211 620 4277 ΒΒΑΧΕΩΝ,
637 4209 764 4264 immixta
779 4210 876 4264 littora
892 4210 988 4264 latina.

330 4300 345 4347 7
364 4292 468 4348 Codex:
490 4297 672 4363 παρέχοντοε,
691 4295 765 4362 quod
782 4295 878 4348 tuetur
894 4295 1042 4349 laoobsius.

328 4385 344 4432 8
360 4377 450 4431 Maius
466 4377 496 4432 in
512 4371 643 4434 lodunoso
661 4379 722 4434 loco
740 4396 841 4448 parum
857 4381 998 4434 adcurate:
1026 4381 1162 4448 λαμβάνοι
1179 4398 1220 4434 τιε
1238 4383 1256 4446 ἢ
1275 4381 1333 4434 ἀπὸ
1350 4422 1356 4433 .
1374 4421 1381 4436 .

245 4505 251 4516 .
272 4506 278 4516 .
298 4462 386 4517 αίτεῑν
404 4464 470 4517 οὐδὲ
487 4464 638 4530 λαμβάνειν
658 4507 663 4517 .
684 4505 690 4516 .
709 4465 782 4519 αὐτὰ
800 4467 877 4532 δῶρα
895 4467 966 4547 χρὴ.
988 4466 1118 4520 .αάτοὺε
1137 4467 1187 4531 μὲν
1205 4468 1379 4532 πέμπονταε,

245 4548 296 4601 oet.
332 4546 376 4599 Du
393 4547 464 4601 Rieu
481 4547 639 4616 descripsit:

598 4684 723 4739 Ι.λΑΦΙ
743 4724 951 4738 .........

447 4808 612 4822 .......
631 4771 990 4825 ΥΤΑΙ..........

447 4853 469 4904 Τ
489 4892 495 4904 .
515 4892 520 4904 .
540 4852 800 4911 ΚΕΝΙΩΑΙΤΕΙΝΑΛ
819 4894 959 4910 ......
