3300 5950
288 782 328 847 62
365 754 371 767 ’
497 781 533 835 n.
549 780 717 836 connum
733 779 941 836 raonvorus
959 778 1214 836 uersrumavn

287 955 436 1035 temptat,
461 974 559 1035 eoque
580 952 687 1016 minus
709 952 915 1036 praecipitat3
949 953 1128 1016 diffidentia
1160 954 1304 1036 profecto
1333 953 1427 1016 auda-

290 1055 370 1117 ciam
392 1053 570 1137 prohibete
615 1054 662 1116 At
682 1054 738 1117 ubi
760 1058 830 1137 quis
853 1054 966 1118 leviter
988 1054 1063 1138 quid
1087 1053 1252 1137 cognitum
1273 1076 1331 1137 pro
1356 1076 1428 1118 con·

287 1158 378 1238 porto
392 1156 417 1240 l¹
444 1158 596 1237 ostentat,
624 1155 708 1218 falsa
735 1155 852 1219 fiducia
880 1156 1090 1219 multifariam
1112 1156 1241 1220 labitur.
1286 1156 1428 1219 Philoso-

287 1256 382 1339 phiae
405 1278 527 1340 quoque
550 1256 734 1339 disciplinas
758 1257 850 1320 aiunt
871 1257 970 1320 satius
993 1279 1061 1320 esse
1076 1280 1250 1341 numquam
1269 1258 1427 1342 attigisse,

288 1379 383 1440 quarn
405 1358 517 1421 leviter
543 1360 575 1420 et
602 1358 806 1441 primoribus,
835 1361 872 1422 ut
894 1359 1021 1441 dicitur,
1051 1358 1146 1422 labiis
1168 1358 1339 1442 delibasse,
1362 1382 1428 1423 eos-

218 1533 221 1537 ,
287 1480 348 1542 que
369 1458 537 1543 provenire
559 1459 834 1542 malitiosissimos,
858 1461 912 1543 qui
926 1461 962 1523 in
983 1460 1140 1525 vestibulo
1164 1462 1242 1523 artis
1257 1461 1426 1543 obversati,
1474 1483 1476 1486 ·

287 1561 376 1643 prius
403 1561 478 1624 inde
507 1560 683 1624 averterint
714 1583 810 1643 quarn
839 1563 1080 1645 penetraverint
1089 1563 1113 1624 ¹³.
1158 1562 1279 1626 Tamen
1314 1565 1362 1625 est
1394 1562 1428 1624 in

288 1662 360 1725 aliis
393 1662 515 1725 artibus
548 1662 602 1725 ubi
635 1661 797 1725 interdum
825 1662 1021 1746 delitiscas²,
1056 1667 1089 1727 et
1116 1664 1237 1746 peritus
1257 1662 1428 1745 paulisper

287 1763 423 1827 habeare
447 1764 530 1847 quod
551 1764 686 1827 nescias.
730 1762 770 1826 ln
797 1764 903 1827 verbis
929 1786 1003 1828 vero
1026 1764 1181 1848 eligendis
1211 1764 1427 1828 conlocandis-

287 1887 348 1948 que
369 1865 443 1928 ilico
466 1864 599 1928 dilucet:
636 1886 696 1928 nec
729 1865 826 1928 verba
859 1866 934 1928 dare
958 1866 1084 1929 ¹diutius
1111 1868 1247 1950 potesse,
1282 1865 1360 1949 quin
1394 1888 1428 1929 se

174 1966 176 1969 ⁴
286 1968 355 2049 ipse
377 1966 498 2030 indicet
519 1966 688 2030 verborum
710 1966 861 2050 ignarum
883 1988 961 2049 esse,
992 1989 1091 2050 eaque
1113 1967 1196 2030 male
1217 1968 1363 2051 probare,
1395 1970 1428 2030 et

287 2071 406 2132 temere
429 2068 620 2151 existimare,
645 2071 678 2131 et
698 2068 798 2133 inscie
822 2070 1031 2152 contrectare,
1055 2090 1159 2151 neque
1181 2069 1309 2132 modurn
1323 2090 1426 2151 neque

286 2172 410 2254 pondus
432 2170 520 2234 verbi
540 2170 730 2234 internosse.

371 2270 473 2346 Quam
495 2272 535 2335 ob
558 2293 626 2335 rem
647 2271 712 2334 rari
735 2272 904 2337 admodum
925 2275 1068 2352 veterum
1091 2272 1283 2355 scriptorum
1304 2272 1338 2335 in
1355 2294 1427 2336 euru

193 2437 199 2447 N
286 2374 448 2437 laborem³
467 2373 672 2458 ‘studiumque
698 2377 730 2437 et
748 2374 927 2457 periculum
953 2373 1051 2436 verba
1079 2374 1305 2437 industriosius
1333 2396 1426 2457 quae-

287 2475 378 2538 rendi
405 2496 473 2538 sese
507 2475 701 2538 commisere.
747 2475 918 2539 Oratorum
949 2478 1022 2559 post
1048 2474 1195 2538 homines
1224 2478 1318 2539 natos
1344 2497 1426 2538 unus

287 2576 429 2640 omnium
451 2574 495 2638 M.
512 2574 643 2639 Porcius
666 2576 795 2660 eiusque
816 2577 968 2661 frequens
995 2579 1135 2639 sectator
1156 2575 1206 2640 Ost
1222 2575 1390 2650 Sallustius
1398 2577 1426 2639 d:

287 2681 474 2761 poetarum⁰
501 2678 639 2740 maxime
661 2676 805 2759 Plautus,
830 2678 930 2742 multo
955 2678 1154 2761 maximeque
1176 2677 1313 2761 Ennius,
1343 2700 1426 2741 eum-

288 2801 348 2863 que
369 2779 509 2843 studiose
532 2777 709 2842 aemulatus
732 2778 767 2843 L.
786 2778 922 2861 OoeliuS,
945 2800 1095 2843 necnon
1117 2778 1258 2844 Naevius
1266 2782 1288 2862 ⁵,
1312 2779 1426 2843 Lucre-

287 2881 362 2964 tius,
386 2880 504 2944 Accius
527 2880 634 2961 etiam,
659 2878 825 2962 Caecilius
850 2879 1003 2944 Laberius
1025 2902 1159 2964 quoquc.
1193 2880 1278 2944 Nam
1300 2884 1427 2964 praeter

287 2984 355 3066 hos,
389 2984 507 3066 partim
540 2983 731 3066 scriptorum
753 2983 988 3047 animadvertas
1010 2982 1229 3072 particulatim
1257 2983 1424 3066 elegantia,

288 3083 426 3149 Novium
449 3088 480 3148 et
502 3085 581 3148 Pom
598 3085 622 3170 ll
636 3085 769 3167 ponium
787 3086 819 3147 et
833 3084 867 3147 id
888 3105 991 3168 genus
1005 3084 1040 3146 in
1056 3084 1179 3147 verbis⁷
1201 3085 1372 3147 rusticanis
1395 3087 1427 3146 et

287 3186 479 3249 iocularibus
509 3208 546 3249 ac
574 3185 775 3268 ridiculariis,
800 3185 915 3248 Attam
941 3185 976 3249 in
1003 3185 1226 3268 muliebribus,
1257 3185 1427 3249 Sisennam

287 3288 322 3349 in
349 3286 526 3369 lasciviisl,
555 3287 713 3350 Lucilium
733 3287 769 3350 in
793 3287 943 3370 cuiusque
971 3287 1050 3349 artis
1073 3309 1111 3351 ac
1132 3287 1255 3370 negotii
1276 3286 1424 3370 propriis.

372 3472 389 3510 a
407 3460 440 3508 In
457 3460 580 3524 rnnrpiuc:
599 3455 759 3509 Diffidontia
944 3453 1082 3524 prohibet.

372 3541 389 3593 b
408 3544 442 3593 Iu
459 3546 582 3608 nrarpine:
605 3538 813 3593 Malitiosissimi
830 3542 894 3593 sunt
912 3539 958 3607 qui
975 3538 1004 3592 in
1021 3539 1157 3594 vestibulo
1176 3539 1328 3606 obversati,
1349 3539 1426 3610 prius

287 3624 352 3678 inde
363 3621 529 3690 averterint,
548 3642 632 3692 quam
649 3624 865 3693 penetraverint.
1109 3680 1111 3684 .

373 3725 387 3761 c
404 3713 437 3762 In
454 3714 579 3777 marpiue:
601 3709 633 3761 In
649 3707 742 3762 verbis
760 3707 895 3777 eligendis
911 3709 999 3762 verba
1016 3709 1082 3763 dare
1100 3726 1181 3763 nemo
1193 3711 1300 3778 potest;
1318 3709 1348 3762 in
1366 3709 1426 3764 ahie

286 3794 381 3846 tamen
391 3792 497 3845 artibus
506 3792 646 3845 interdum
653 3791 789 3846 delitisoas
800 3792 938 3861 etperitus
946 3793 1088 3862 paulisper
1096 3794 1217 3848 habeare
1228 3794 1302 3862 quod
1311 3795 1424 3848 nescios.

372 3877 441 3930 dIn
459 3883 582 3946 marytre:
612 3877 725 3931 Porcius
749 3876 817 3931 Cato
844 3895 914 3930 unus
940 3877 1062 3931 omnium
1087 3877 1179 3932 verbis
1205 3878 1370 3946 quaerendis
1397 3896 1426 3932 se

180 3980 183 3984 ⁴
289 3960 425 4015 commisit
442 3961 555 4030 eiusque
573 3963 701 4030 frequens
719 3963 841 4016 sectator
856 3961 945 4016 Gaius
963 3961 1116 4016 Sallustius.

372 4063 387 4100 o
405 4051 438 4099 In
456 4053 579 4116 margine:
602 4044 654 4110 oui
671 4047 771 4115 poetae
789 4044 882 4100 verbis
900 4047 1071 4100 studuerunt.

287 4171 335 4178 —.

373 4240 386 4287 1
406 4232 505 4302 Incipit
524 4232 590 4287 Cod.
609 4232 671 4287 Vat.
691 4238 789 4302 p.175.

372 4325 387 4370 2
405 4318 449 4371 Ita
468 4316 567 4372 Codex.

372 4409 387 4456 3
407 4402 511 4456 Codex:
530 4406 649 4456 loliorum.

372 4492 388 4538 4
406 4487 449 4539 lta
465 4485 494 4538 in
512 4485 643 4540 contextu
661 4485 689 4540 C.
708 4485 736 4538 in
754 4485 881 4556 margine
899 4485 931 4541 G.

372 4577 388 4624 5
406 4570 482 4623 Haec
499 4571 554 4624 tria
571 4570 658 4624 verba
675 4571 754 4624 addit
773 4587 824 4624 seo.
845 4589 881 4623 m.

373 4659 388 4706 6
406 4654 507 4723 Incipit
524 4654 590 4708 Cod.
609 4654 698 4708 Vatio.
718 4673 745 4723 p.
760 4660 817 4709 146.

373 4744 387 4792 7
406 4737 523 4791 Orellius
541 4738 576 4793 ad
594 4739 659 4793 Hor.
678 4738 765 4808 Epist.
779 4739 812 4792 Il.
830 4747 851 4792 1.
865 4744 908 4792 79:
928 4742 1058 4806 diverbr'ir,
1075 4739 1121 4793 vix
1139 4741 1232 4794 reete.-

372 4828 388 4878 8
407 4821 473 4877 Cod.
492 4840 544 4878 seo.
562 4841 611 4877 m:
631 4829 742 4878 lasciuia.
778 4821 879 4876 Maius:
897 4827 1005 4877 lascivis.
