3300 5950
297 784 357 847 140
504 782 540 835 Μ.
556 780 725 836 CORNELII
743 780 951 835 FRONTONIS
969 780 1225 835 EPISTULARUM

294 955 329 1017 in
358 953 442 1017 bello
469 953 524 1016 ubi
547 974 626 1036 opus
649 952 691 1015 sit
712 952 875 1036 legionem
897 952 1112 1035 conscribere,
1142 974 1208 1016 non
1236 955 1365 1016 tantum
1387 974 1439 1016 vo-

294 1055 451 1118 luntarios
472 1054 619 1140 legimus,
645 1054 700 1117 sed
723 1055 820 1118 etiam
843 1053 975 1117 latentis
997 1054 1128 1118 militari
1153 1058 1257 1118 aetate
1281 1054 1438 1137 conquiri-

294 1179 381 1239 mus3
408 1157 471 1239 ua,
501 1156 556 1220 ubi
578 1157 747 1246 verborum
775 1156 943 1239 'praesidiis
966 1178 1044 1239 opus
1067 1157 1124 1239 su,
1154 1178 1220 1219 non
1249 1156 1438 1219 voluntariis

293 1261 432 1341 tantum,
457 1280 537 1342 quae
552 1258 636 1322 ultro
652 1258 858 1341 obvenerint,
882 1261 1024 1340 utemur,
1050 1257 1105 1321 sed
1119 1258 1257 1323 latentia
1275 1258 1437 1322 elioiemus

295 1363 390 1444 atque
413 1360 712 1443 adlimperandum¹
736 1361 991 1443 indagabimus&

379 1461 442 1525 Hie
464 1461 558 1545 illud,
589 1462 687 1525 etiam
708 1464 745 1524 ut
768 1483 828 1546 ego
858 1462 1011 1544 arbitror,
1041 1462 1120 1524 saite
1143 1485 1161 1524 a
1184 1463 1277 1526 nobis
1301 1484 1437 1545 conuen-

294 1563 398 1645 tum²‚
434 1563 548 1647 quibus
575 1564 753 1627 rationibus
781 1564 879 1627 verba
907 1567 1117 1647 quaerantur,
1153 1566 1283 1627 utnon
1310 1563 1438 1626 hiantes

295 1666 531 1749 oscitantesque
560 1668 793 1749 exspectemus,
824 1666 951 1750 quando
974 1666 1107 1729 verbum
1128 1665 1214 1728 ultro
1236 1666 1271 1728 in
1292 1665 1438 1749 linguam

295 1768 385 1851 quasi
407 1766 583 1850 palladium
605 1768 643 1831 de
667 1767 754 1831 eaelo
777 1767 941 1851 depluat33
964 1767 1019 1830 sed
1040 1770 1076 1829 ut
1099 1767 1246 1851 regiones
1269 1767 1438 1830 verborum

295 1872 327 1932 et
349 1869 450 1932 saltus
472 1869 664 1950 noverimus
687 1872 724 1932 ut
746 1868 801 1932 ubi
824 1868 977 1952 quaesitis
999 1890 1077 1951 opus
1101 1869 1173 1950 siu,
1197 1890 1254 1951 per
1276 1868 1361 1931 viam
1383 1889 1438 1950 po-

293 1970 357 2033 tius
380 1970 420 2033 ad
442 1970 677 2055 vestigandum,
702 1992 796 2054 quam
818 1970 906 2034 invio
927 1970 1202 2054 progrediamurb.

379 2070 1435 2156 Certaigiturloeasuntavobis5..........i⁶..

297 2224 303 2237 .
330 2224 336 2235 .
364 2224 369 2236 .
397 2225 403 2236 .
432 2172 606 2257 Inprimis
629 2173 747 2237 oratori
771 2174 962 2255 cavendum,
992 2174 1139 2257 nequod
1166 2194 1284 2236 novum
1306 2173 1438 2236 verbum

295 2278 331 2338 ut
360 2297 412 2338 aes
441 2276 655 2339 adulterinum
683 2276 858 2359 percutiat,
888 2278 925 2339 ut
946 2298 1046 2338 unum
1069 2279 1101 2339 et
1122 2276 1172 2338 id⁷
1196 2275 1328 2338 verbum
1350 2277 1438 2338 vetu-

295 2380 378 2440 state
406 2380 558 2442 nosoatur
581 2380 613 2440 et
634 2378 778 2441 novitate
801 2377 937 2441 delectet
961 2426 1435 2441 ...............

296 2527 537 2543 ........
564 2478 603 2563 (⁸.
630 2530 635 2541 .
663 2529 668 2541 .
699 2479 878 2543 officiorum
905 2500 1026 2563 genera
1054 2479 1130 2562 duo,
1160 2478 1301 2542 rationes
1324 2478 1437 2561 triper-

293 2581 383 2644 titae.
429 2580 538 2644 Prima
561 2581 682 2663 speeies
704 2580 914 2664 substantiae,
938 2583 976 2644 ut
998 2580 1054 2663 sit3
1078 2580 1180 2644 altera
1202 2580 1378 2665 qualitatis
1402 2582 1438 2642 ut

293 2682 369 2745 talis
392 2682 449 2765 sit3
472 2682 574 2745 tertia*
591 2682 652 2764 rei,
676 2684 713 2744 ut
734 2704 768 2745 re
790 2682 890 2764 ipsa⁹‚
916 2683 1005 2745 ouius
1029 2704 1123 2745 eausa
1146 2683 1309 2765 superiora
1331 2681 1438 2744 officia

294 2784 444 2867 suscepit,
469 2783 620 2867 expleat.
640 2834 647 2847 .
667 2834 673 2845 .
694 2834 700 2846 .
718 2783 812 2868 disl¹⁰
821 2784 940 2847 rendae
963 2785 1220 2867 exercendaeque
1243 2784 1437 2867 sapientiae:

378 3007 395 3043 a
414 2993 446 3042 In
464 2994 591 3056 nzarpinc:
609 2987 650 3041 De
668 2987 772 3056 populo
791 2992 940 3041 verborum
958 2988 1030 3041 siout
1046 2987 1075 3039 in
1092 2986 1167 3040 bello
1185 2987 1233 3039 ubi
1252 3003 1321 3055 opus
1340 2989 1383 3040 est
1400 2988 1437 3040 le-

293 3075 405 3144 gionem
428 3073 549 3128 seribere
572 3087 627 3126 non,
645 3103 711 3110 —-
728 3073 849 3126 latentes
871 3073 913 3126 ita
934 3072 1021 3126 etiam
1041 3071 1069 3123 in
1088 3071 1181 3147 verbis
1199 3086 1255 3123 non
1273 3070 1367 3137 obvia,
1389 3072 1437 3124 sed

294 3159 379 3213 etiam
400 3158 519 3212 latentia
537 3157 672 3211 elicienda
689 3159 754 3210 sunt
772 3159 800 3211 et
816 3157 986 3225 indaganda.

378 3243 396 3295 b
416 3246 448 3295 In
471 3248 598 3310 marpine:
631 3241 694 3294 Non
717 3241 920 3310 expectandum
940 3240 1058 3295 verbum
1081 3240 1156 3307 quod
1179 3240 1252 3293 ultro
1275 3239 1305 3291 in
1327 3240 1345 3293 l.
1365 3259 1392 3307 q.
1410 3258 1437 3308 p.

294 3327 405 3392 defluat,
424 3327 474 3380 sed
492 3325 621 3394 regiones
640 3325 780 3393 saltusque
799 3326 948 3379 verborum
966 3340 1093 3394 qeiaerere
1112 3325 1232 3392 oportet,
1250 3325 1281 3376 ut
1295 3341 1351 3378 non
1362 3323 1436 3378 invio

295 3410 345 3464 sed
362 3416 457 3464 itinere
476 3426 649 3476 quaeramus.

380 3570 393 3617 1
413 3564 527 3618 Confert
543 3561 633 3616 Maius
652 3560 706 3616 Cic.
724 3562 761 3616 ad
778 3562 855 3616 Fam.
874 3562 920 3616 IX.
937 3568 969 3616 ⁸28
988 3564 1017 3616 et
1032 3561 1169 3616 Sallustii:
1189 3566 1314 3630 Iugurtha
1332 3583 1385 3614 runi
1403 3568 1439 3615 (ul

295 3655 467 3716 imperandum
488 3653 609 3701 Tisidium
627 3658 769 3702 uocaretur.

379 3740 394 3786 2
412 3735 456 3787 An
474 3737 684 3788 coniurentandum
701 3731 746 3786 vel
760 3737 1008 3786 conzrniniscendmn?
1034 3737 1208 3798 Heindorfius:
1232 3732 1276 3784 An
1295 3737 1437 3785 inuentum?

379 3825 395 3873 3
414 3818 479 3872 COd.
498 3836 539 3886 pr.
559 3835 595 3870 m.
616 3823 711 3880 dilium,
730 3817 756 3870 h.
778 3833 800 3870 e.
820 3823 927 3885 dipluat.

379 3908 395 3956 4
413 3900 517 3955 Codex:
536 3909 568 3955 sii
587 3913 622 3955 ui.

378 3993 394 4041 5
411 3987 554 4041 Fortasse:
574 4008 590 4040 a
608 3990 680 4040 nobis
697 3993 867 4054 exploranda.
904 3991 1077 4054 Heindoifius.

379 4078 394 4125 6
413 4070 645 4140 SequiturOodp.
653 4077 703 4125 403
714 4087 800 4132 erasa,
811 4070 976 4125 euiusunioa
986 4071 1255 4140 sententiasuperest
1267 4070 1435 4138 inmargino.

380 4163 393 4210 7
412 4157 501 4210 Maius
521 4155 643 4210 coniicit:
662 4162 736 4210 idem.
771 4155 956 4209 Ecksteinius:
976 4168 1002 4208 ut
1020 4177 1069 4208 una
1087 4161 1115 4209 id
1131 4160 1231 4209 verbum
1249 4167 1274 4208 et
1291 4167 1338 4209 vet.

378 4247 394 4296 8
413 4240 543 4308 Sequitur
561 4240 626 4294 Cod.
640 4259 667 4310 p.
682 4246 745 4308 402,
763 4240 792 4293 in
810 4257 866 4307 qua
882 4241 951 4294 nihil
967 4243 1086 4310 apparet
1102 4241 1215 4309 praeter
1226 4257 1311 4294 unam
1329 4243 1437 4294 senteu-

292 4326 363 4381 tiam
380 4327 409 4378 in
426 4324 561 4393 margine.

379 4417 394 4464 9
412 4410 442 4463 L.
461 4429 514 4463 rem
531 4415 619 4477 ipsam.
657 4413 817 4466 Nielulrius

363 4502 394 4548 10
413 4493 542 4561 Sequitur
555 4494 725 4563 Cod.p.401,
738 4494 813 4548 ouius
824 4497 882 4549 tres
893 4511 989 4549 versus
1001 4494 1119 4548 contulit
1128 4493 1240 4548 amicus.
1259 4493 1436 4549 Heindorfius

294 4578 341 4645 qui
353 4578 496 4632 nesciebat
508 4579 652 4648 superiora
664 4595 678 4632 e
690 4579 817 4647 margine
837 4579 977 4649 descripta
989 4596 1049 4634 esse
1067 4578 1107 4633 ita
1119 4579 1210 4633 locum
1229 4579 1385 4634 constituit:
1406 4582 1437 4633 ut

292 4685 344 4717 rem
355 4669 443 4731 ipsam
461 4694 493 4701 -
512 4664 636 4732 expleat,
655 4670 737 4718 idest
756 4685 843 4718 munus
861 4665 1005 4719 discendae
1022 4696 1055 4703 —
1074 4663 1194 4733 speciem
1213 4664 1253 4719 rei
1272 4670 1373 4720 dicebat
1390 4684 1435 4719 ne·

292 4746 376 4818 gotiis
394 4754 471 4802 solum
488 4747 668 4805 terminatam
686 4780 718 4788 -
736 4765 834 4802 verum
852 4753 958 4802 docebat
975 4781 1008 4790 -
1025 4749 1132 4805 retineo
1145 4755 1211 4804 velut
1226 4749 1319 4817 prima
1330 4781 1363 4788 —
1381 4750 1437 4804 sint

294 4839 416 4888 elementa
434 4849 505 4908 quae
523 4864 556 4872 -
573 4833 716 4903 pertinent
734 4853 835 4892 curare.
