3300 5950
479 769 527 823 ΑΙ)
546 770 582 823 Μ,
601 769 821 834 ANTONINUM
838 770 885 823 DE
902 768 1134 835 ELOQUENTIA
1312 773 1373 837 143

225 943 327 1026 persit
351 991 726 1006 ............
752 942 776 1025 l¹
802 992 808 1004 .
835 992 842 1005 .
869 993 875 1004 .
902 993 908 1005 .
934 943 1109 1007 comisese.
1137 993 1143 1005 .
1168 942 1237 1005 sido
1262 993 1268 1005 .
1296 993 1302 1005 .
1329 993 1336 1006 .
1364 993 1370 1005 .

229 1095 234 1107 .
262 1096 268 1107 .
296 1095 302 1107 .
329 1095 335 1108 .
360 1044 408 1108 nil
431 1067 468 1108 ac
492 1044 627 1128 capillus
650 1043 710 1107 etsi
733 1064 799 1107 non
822 1042 952 1107 cottidie
976 1066 1035 1108 acu
1058 1045 1237 1126 ornandus,
1261 1047 1371 1107 tamen

226 1147 354 1230 pectine
378 1148 493 1211 cotidie
516 1146 729 1230 expediendus
753 1148 802 1208 est
827 1195 1100 1209 .........
1110 1148 1135 1230 ,2
1156 1146 1256 1209 fuisse
1279 1145 1372 1210 Oroe-

227 1271 297 1312 sum
319 1252 352 1313 et
374 1248 538 1331 Solonem,
563 1248 774 1312 Periandrum
805 1250 839 1311 11
860 1247 1067 1331 Polycraten,
1101 1248 1291 1312 Alcibiaden
1320 1248 1372 1311 de·

226 1351 323 1434 nique
347 1353 379 1414 11
402 1349 585 1414 Socratenss.

311 1451 388 1527 Quis
412 1452 538 1515 dubitat
565 1451 743 1533 sapientem
773 1452 813 1514 ab
835 1451 1008 1535 insipiente
1031 1451 1081 1514 vel
1103 1452 1275 1536 praecipue
1299 1473 1371 1515 con-

227 1554 298 1617 silio
320 1557 353 1618 11
375 1554 494 1618 dilectu
516 1576 623 1617 rerum
645 1556 678 1616 et
699 1554 851 1637 opinione
874 1551 1057 1617 discerni3?
1101 1552 1148 1618 Ut
1170 1555 1197 1617 si
1219 1553 1262 1616 sit
1284 1554 1372 1636 optio

227 1659 322 1739 atque
346 1654 458 1719 electio
482 1655 666 1719 divitiarum
695 1658 790 1739 atque
813 1655 983 1738 egestatis,
1016 1676 1210 1738 quamquam
1237 1658 1372 1738 utraque

227 1760 260 1837 11
282 1757 407 1820 malitia
429 1761 462 1821 11
483 1758 602 1821 virtute
620 1760 761 1838 careant,
785 1760 895 1820 tamen
911 1756 1101 1820 electionem
1121 1756 1214 1820 laude
1231 1760 1263 1820 11
1279 1757 1372 1839 culpa

227 1880 292 1921 non
322 1880 440 1922 carere.
485 1858 655 1942 Proprium
683 1880 821 1942 namque
850 1857 1005 1941 sapientis
1033 1858 1176 1921 officium
1204 1861 1253 1921 est
1285 1861 1372 1921 recte

229 1959 347 2043 eligere
357 1961 379 2042 l,
404 1982 506 2044 neque
529 1981 698 2043 perperam
719 1960 771 2023 vel
792 1962 987 2042 postponere
1009 1958 1060 2022 111
1082 1960 1252 2023 anteferre.

313 2060 346 2125 Si
361 2084 412 2125 me
427 2062 608 2145 interroges
617 2111 626 2144 ,
652 2061 918 2145 concupiscamne
937 2061 1056 2125 bonam
1067 2061 1300 2143 valetudinem,
1318 2062 1372 2123 ab·

227 2185 325 2225 nuain
341 2164 497 2247 equidem,
522 2164 549 2226 si
565 2164 628 2226 sim
642 2162 868 2247 philosophus:
891 2161 974 2225 nihil
989 2166 1039 2226 111
1054 2162 1140 2227 enim
1154 2162 1205 2225 fas
1223 2164 1372 2246 concupi-

228 2286 314 2328 scere
322 2266 461 2348 sapienti
474 2267 530 2328 aut
544 2266 704 2347 adpetere,
715 2266 798 2348 quod
809 2266 876 2338 fors
886 2263 957 2327 fuat
969 2286 1011 2328 an
1018 2265 1141 2329 frustra
1148 2265 1370 2348 concupiscat3

228 2367 482 2451 necquidquam,
497 2368 580 2450 quod
594 2367 628 2429 in
641 2388 739 2429 manu
752 2366 903 2429 fortunae
913 2366 1011 2428 situm
1025 2365 1141 2448 videat,
1155 2367 1370 2450 concupiscet.

312 2468 434 2531 Tamen
463 2470 490 2532 si
518 2469 699 2558 necessario
728 2469 775 2531 sit
798 2467 901 2530 altera
929 2488 980 2531 res
1010 2468 1175 2551 eligenda,
1212 2467 1372 2532 Achillei⁴

109 2627 120 2639 ,
228 2569 335 2650 potius
363 2570 589 2653 pernicitatem
613 2570 732 2654 eligam
755 2592 852 2654 quam
879 2568 1079 2633 debilitatem
1100 2569 1328 2634 Philoctetae&

248 2738 256 2752 .
313 2669 422 2735 Simile
444 2672 544 2756 igitur
566 2672 601 2735 in
624 2671 807 2756 eloquentia
830 2672 1036 2735 servandum:
1065 2693 1133 2735 non
1154 2693 1249 2755 opere
1271 2673 1372 2736 nimio

229 2773 436 2856 concupiscas
458 2775 571 2859 igitur,
595 2795 656 2837 nec
679 2795 774 2858 opere
797 2773 897 2837 nimio
920 2795 1081 2837 aversore:
1104 2775 1193 2836 tum⁵
1209 2775 1237 2837 si
1252 2772 1372 2858 eligen-

229 2874 303 2936 dum
326 2876 378 2957 sit,
402 2874 499 2959 longe
521 2873 680 2958 longeque
703 2875 919 2958 eloquentiam
939 2874 1098 2938 infantiae
1122 2875 1319 2958 praeferasd.

313 2977 431 3040 Audivi
451 2980 484 3040 te
507 2998 748 3060 nonnumquam
776 2978 823 3040 ita
845 2976 1020 3040 dicentem:
1050 2977 1192 3041 atenim
1216 2999 1288 3041 cum
1317 2968 1372 3041 aliss

228 3078 302 3160 quid
327 3076 490 3160 pulchrius
513 3077 656 3141 elocutus
679 3100 759 3160 sum,
783 3077 896 3161 placeo
912 3077 991 3140 mihi
1006 3027 1139 3161 ideoque
1155 3079 1373 3162 eloquentiam

227 3178 327 3262 fugio.
360 3177 444 3252 Quin
466 3181 503 3241 tu
525 3178 630 3260 potius
652 3179 766 3264 illudi6
789 3179 924 3263 corrigis
939 3201 977 3243 ac
992 3179 1138 3263 mederis,
1161 3180 1221 3243 ne⁷
1244 3180 1372 3263 placeas

313 3387 381 3436 ala
399 3388 511 3451 maraine
527 3389 639 3451 popinae
657 3389 815 3451 superioris:
845 3425 957 3436 .....
977 3383 1050 3436 emin
1073 3383 1116 3436 dis
1136 3425 1249 3438 .....
1269 3384 1372 3439 10111

231 3509 345 3521 .....
366 3466 496 3521 Socrates
516 3509 521 3519 .
542 3510 547 3520 .
570 3511 574 3520 .
596 3511 601 3520 .
624 3511 628 3521 .
651 3460 656 3520 ζ
677 3510 683 3521 .
703 3485 745 3522 11.

311 3553 330 3605 b
349 3556 383 3605 In
401 3557 525 3619 marpine:
557 3550 672 3620 Sapiens
691 3554 726 3606 ab
744 3552 892 3621 insipiente
911 3551 1023 3607 consilio
1041 3553 1205 3621 plerumque
1223 3553 1327 3608 dilectu
1345 3556 1374 3609 et

228 3637 357 3706 opinione
377 3636 549 3690 discernitur.
585 3637 733 3706 Proprium
751 3636 884 3707 sapientis
901 3640 977 3692 recte
996 3637 1108 3705 eligere.

313 3739 327 3775 c
345 3725 378 3774 In
395 3727 520 3789 marpine:
540 3719 656 3789 Sapiens
674 3721 743 3774 nihil
761 3738 795 3775 ex
812 3720 865 3788 his,
885 3721 1003 3788 quaein
1020 3739 1105 3777 manu
1122 3722 1251 3776 fortunae
1269 3723 1372 3790 videat,

228 3805 404 3874 concupiscit.
431 3807 463 3858 ln
475 3805 611 3860 electione
627 3806 724 3860 tamen
736 3806 846 3874 sapiens
859 3805 960 3859 Achilli
971 3806 1064 3875 potius
1075 3807 1271 3875 pernicitatem
1289 3825 1372 3876 quam

228 3889 400 3943 Philoctetae
420 3889 595 3944 debilitatem
613 3891 770 3960 praeoptet.

312 3975 331 4026 d
350 3979 382 4027 In
400 3965 528 4041 aaarpinei
544 3975 727 4042 eloquentiam
744 3994 823 4043 opere
842 3975 927 4029 nimio
946 3976 1196 4044 concupiscendam
1213 3978 1332 4046 sapienti
1350 3979 1373 4030 si

229 4057 387 4125 eligendum
406 4057 442 4111 sit
460 4075 522 4112 eam
539 4057 673 4113 infantiae
691 4059 914 4128 praeferendam.

313 4232 325 4278 1
346 4225 477 4295 Sequitur
495 4228 560 4283 (lod.
579 4247 606 4298 p.
618 4234 669 4284 394
687 4245 758 4296 quae
775 4228 883 4282 interiit
899 4231 1013 4298 praeter
1030 4229 1140 4284 unicam
1158 4230 1326 4286 sententiam
1343 4233 1373 4285 in

227 4312 360 4381 margine.

313 4404 328 4450 2
346 4397 447 4467 Incipit
464 4397 530 4452 eod.
549 4416 577 4468 p.
596 4405 654 4454 393.

311 4483 389 4536 3111
407 4481 510 4549 eodem
530 4489 668 4538 discerent.
703 4483 801 4537 Maius.

311 4571 327 4619 4
345 4566 411 4619 Cod.
431 4584 483 4621 sec.
503 4585 538 4620 m.
560 4572 662 4625 Achilli.
690 4569 723 4621 cf.
742 4568 840 4622 Horat.
859 4567 949 4622 Oarm.
967 4568 987 4622 Ι.
1009 4574 1047 4623 15.
1067 4574 1100 4623 34
1119 4569 1247 4640 etllpod.
1269 4578 1307 4627 17.
1330 4580 1369 4629 14.

312 4650 441 4703 aMalim
464 4662 554 4706 tamen.
592 4658 767 4722 Heindcrfius.

312 4735 447 4804 tlncipit
464 4735 530 4790 eod.
550 4755 577 4805 p.
596 4744 654 4793 400.

311 4825 326 4874 7
346 4819 411 4874 (lod.
430 4839 472 4890 pr.
492 4839 528 4875 m.
548 4841 603 4878 nec.
