3300 5950
635 817 684 873 AD
702 817 836 875 AMICOS
857 818 965 875 LIBER
981 819 1008 875 11

404 1074 487 1140 VII.
524 1075 660 1142 Fronto
683 1072 825 1141 Aufidio
847 1075 1033 1142 Victorino
1056 1071 1231 1142 Salutem.

330 1212 516 1276 Antoninus
544 1211 677 1297 Aquila¹
698 1212 748 1276 vir
770 1212 880 1276 doctus
903 1214 952 1275 est
974 1215 1006 1276 et
1026 1213 1195 1277 facundus
1240 1212 1330 1289 Quod
1351 1218 1387 1278 tu

247 1314 349 1378 dicas:
378 1315 536 1380 audistine
552 1337 624 1379 eum
647 1313 949 1379 declamitantem²?
970 1336 1037 1378 non
1058 1314 1180 1379 medius
1202 1315 1296 1379 fidius
1318 1316 1387 1399 ipse

247 1417 367 1500 audivi,
398 1417 453 1480 sed
476 1417 594 1481 credidi
617 1415 859 1481 adfirmantibus
891 1417 924 1480 id
950 1416 1142 1480 doctissimis
1170 1420 1202 1480 et
1230 1418 1387 1481 honestis-

246 1519 334 1582 simis
362 1522 395 1582 et
422 1518 502 1582 mihi
525 1518 697 1583 carissimis
723 1519 815 1600 viris,
845 1538 923 1601 quos
951 1521 983 1581 et
1010 1518 1151 1582 iudicare
1179 1522 1266 1583 recte
1294 1541 1387 1604 posse

247 1622 338 1683 etex
361 1620 460 1684 animi
482 1621 644 1685 sententia
666 1620 885 1684 testimonium
907 1619 1075 1703 perhibere
1099 1622 1185 1684 certo
1206 1621 1281 1685 scio.
1324 1620 1387 1685 Ve-

246 1721 317 1804 lim,
342 1722 483 1804 domine,
511 1724 548 1785 ut
571 1722 699 1786 adiuves
723 1744 810 1804 eum,
836 1742 897 1804 quo
919 1721 1046 1785 facilius
1068 1723 1103 1784 in
1127 1722 1257 1786 civitate
1281 1722 1387 1806 aliqua

245 1822 338 1885 istius
369 1822 571 1906 provinciae³
599 1823 726 1906 publice
758 1822 965 1886 instituendis
1000 1822 1257 1888 adulescentibus
1287 1824 1386 1888 adsci-

246 1928 363 1987 scatur.
394 1924 541 2008 Impense
563 1924 649 1988 istud
671 1947 690 1988 0
711 1928 743 1988 10
765 1928 856 2008 peto:
878 1924 1026 1987 101111114
1048 1925 1134 1988 enim
1156 1924 1293 2008 Aquilae
1314 1925 1386 1989 1010

245 2026 375 2089 honoris
398 2047 506 2089 eorum
534 2048 645 2109 causa,
676 2026 728 2109 qui
756 2034 816 2109 'pro
839 2047 875 2089 00
898 2026 1036 2089 studiose
1058 2025 1222 2089 laborant:
1258 2048 1318 2090 nec
1340 2027 1387 2090 ita

247 2128 276 2189 ei
298 2127 463 2191 studerent
477 2127 631 2210 profect0,
656 2128 739 2190 nisi⁵
755 2127 889 2211 dignum
910 2129 1002 2190 tanto
1018 2127 1123 2191 studio
1139 2127 1386 2210 arbitrarentur3

245 2249 315 2311 nec,
340 2228 402 2292 nisi
423 2228 607 2291 facundiam
623 2228 690 2291 eius
705 2250 902 2312 magnopere
917 2228 1100 2311 probarent,
1124 2228 1185 2291 tibi
1208 2250 1279 2291 eum
1303 2251 1385 2293 com-

245 2329 416 2392 mendaress
430 2332 598 2412 tantopere
619 2330 832 2413 postularent,
856 2351 952 2413 quom
966 2332 999 2393 te
1014 2329 1238 2414 gravissimum
1257 2333 1290 2393 et
1311 2353 1385 2413 pru-

246 2431 467 2494 dentissimum
489 2431 644 2495 iudicem⁷
661 2453 733 2495 cum
755 2431 889 2495 aliarum
910 2452 1027 2514 rerum,
1050 2435 1121 2495 tum
1141 2431 1192 2494 vel
1214 2432 1385 2515 praecipue

246 2531 445 2615 eloquentiae
467 2534 579 2596 sciant.
624 2532 696 2617 Ego
718 2555 793 2597 vero
815 2535 913 2597 etiam
935 2532 1084 2596 101111108
1100 2532 1238 2596 hominis
1260 2534 1383 2616 faveae,

245 2637 281 2696 ut
303 2634 345 2698 sit
366 2634 512 2715 ῥητόρων
536 2634 671 2718 ἄριετοε,
694 2634 845 2717 quoniam
867 2635 994 2718 quidem
1009 2634 1128 2718 Aquila
1151 2635 1340 2718 appellatur.

415 2802 519 2869 vlll.
563 2803 700 2869 Fronto
722 2803 893 2870 Passieno
915 2802 1011 2869 Rufo
1035 2799 1210 2871 Salutem.

328 2938 485 3003 Aemilius
507 2938 583 3002 Pius
612 2961 684 3003 cum
712 2938 930 3024 studioltrum
957 2937 1134 3023 elegantia,
1164 2941 1233 3003 tum
1260 2962 1385 3004 morum

245 3039 360 3102 eximia
382 3040 542 3123 probitate
564 3040 644 3104 mihi
660 3061 752 3103 carus
776 3042 834 3102 est.
868 3038 1062 3103 Commendo
1085 3061 1157 3102 eum
1178 3040 1248 3123 tibi,
1272 3041 1383 3105 frater.

245 3139 313 3203 Nec
341 3141 454 3223 ignoro
486 3140 610 3203 nullum
632 3140 736 3203 adhuc
763 3141 850 3204 inter
878 3162 937 3204 nos
969 3143 1080 3204 mutuo
1112 3141 1351 3206 scribtitantem
1360 3143 1385 3183 ¹⁰

329 3392 346 3429 a
364 3381 397 3429 11
415 3381 538 3445 marytre:
564 3376 656 3430 Faveo
673 3375 722 3430 illa
738 3393 777 3430 10.

330 3596 462 3665 1Aqur'la
479 3596 591 3650 natione
614 3597 721 3665 galata,
744 3595 893 3665 discipulm
911 3594 1031 3663 Chresti,
1055 3583 1150 3650 rhetor
1171 3597 1384 3666 probatissimus

245 3681 319 3750 apud
336 3679 536 3736 Philostratum
553 3681 582 3734 in
601 3680 724 3735 Chresto
761 3680 891 3748 Aquilam
909 3681 1050 3734 oratorem
1072 3679 1140 3734 citat
1159 3679 1322 3735 Consentius
1340 3682 1382 3735 ed.

245 3765 354 3819 Putsoh.
374 3785 401 3835 p.
415 3771 490 3820 2026.
511 3765 628 3834 Aquilae
640 3764 759 3819 Romani
776 3765 912 3819 habemus
930 3764 1056 3819 libellum
1068 3772 1100 3819 de
1113 3771 1204 3834 fiparia
1217 3768 1268 3820 001.
1289 3771 1384 3820 Maias.

329 3856 344 3903 ·2
363 3850 406 3903 Ita
424 3848 526 3918 Codex,
544 3866 600 3904 101
618 3856 805 3904 declamantem.

329 3940 345 3987 3
362 3933 531 3987 Litterarum
548 3933 577 3986 in
595 3933 686 3988 Callia
703 3935 781 3988 sedes
798 3934 948 3988 secundum
964 3933 1111 3988 Frontonis
1129 3935 1203 4004 apud
1221 3935 1251 3988 P.
1266 3934 1384 3989 Consen-

244 4017 315 4069 tium
332 4017 520 4085 fragmentum
537 4017 630 4071 Remis
648 4018 857 4088 (Durocortoro)
875 4018 985 4072 videtur
1001 4018 1094 4072 fuisse.
1131 4019 1254 4072 Aufidius
1271 4036 1384 4088 praeses

245 4102 306 4154 erat
322 4100 351 4153 in
370 4100 519 4156 Germania
535 4102 669 4155 Romana.
707 4107 867 4158 Niebuhrias.

328 4190 345 4237 4
363 4183 467 4238 Codex:
485 4190 587 4253 saetam.
623 4184 750 4240 Correxit
766 4186 949 4240 Heindorfius.

329 4275 345 4323 5
362 4268 428 4323 eod.
447 4289 489 4340 pr.
509 4289 545 4324 m.
561 4274 740 4339 profectionis.

330 4360 345 4407 6
363 4354 392 4408 F.
413 4361 587 4410 commendari.
624 4361 783 4410 Nieoaoaae.

329 4444 343 4492 7
362 4440 463 4494 Recole
482 4440 518 4494 ad
534 4439 571 4493 M.
591 4438 738 4494 Caesarem
755 4439 801 4494 IV.
822 4446 862 4494 13.
898 4445 994 4494 Maias.

328 4528 344 4576 8
361 4522 549 4578 Heindorfius:
569 4531 661 4579 nomini
677 4525 723 4579 vel
739 4523 960 4578 subaudiendum
978 4529 1010 4578 ei.

329 4615 344 4662 9
362 4608 462 4677 Incipit
480 4607 546 4662 Cod.
565 4626 592 4677 p.
611 4616 669 4677 320,
688 4609 813 4674 obscura.

312 4699 344 4747 10
361 4693 405 4746 Ita
423 4693 523 4746 Codex.
558 4693 760 4763 Reponendum
777 4697 941 4748 coadoranda·
956 4692 1000 4745 vel
1017 4695 1218 4745 ambulantium.
1247 4692 1307 4746 Hoc
1324 4710 1381 4746 ma·

243 4779 303 4832 vult
320 4777 503 4844 Heindorfius,
521 4776 641 4831 laudatis
659 4777 747 4832 Tacit.
767 4779 871 4845 Α1101.Ι
879 4777 913 4830 ΙΙ.
929 4783 955 4842 ¹3
973 4776 1044 4830 Hist.
1058 4776 1078 4828 Ι.
1092 4781 1120 4841 4;
1138 4776 1231 4845 Agrio.
1244 4774 1301 4830 Vit.
1315 4794 1337 4829 0.
1351 4783 1380 4842 4;

244 4864 314 4917 Dial.
334 4863 368 4917 de
387 4863 463 4916 Orat.
483 4868 523 4915 29.
560 4862 711 4917 Praeterea
727 4863 756 4916 11
774 4862 875 4917 Codice
892 4881 934 4931 pr.
954 4880 990 4914 m.
1008 4861 1051 4915 bis
1070 4859 1181 4930 scripsit
1196 4880 1274 4915 asam.

1116 4946 1178 5009 12*
