3300 5950
279 779 320 850 30
489 778 1210 844 1.11111111111111111111111111
1325 741 1329 751 ’

278 956 362 1019 deis¹
386 958 508 1041 gratias
531 979 602 1042 ago.
619 986 633 1006 ·=
647 958 693 1023 Te
724 962 847 1023 certum
868 958 980 1042 habeo,
1011 983 1097 1024 oum-
1111 965 1168 1024 tua
1195 962 1345 1025 instituta
1373 985 1421 1031 re·
1514 1036 1516 1039 .

276 1061 367 1140 puto,
399 1058 484 1122 haud
517 1060 755 1143 perturbatum:
784 1082 855 1145 ege,
884 1062 1059 1145 quamlibet
1086 1084 1141 1127 vos
1176 1065 1341 1146 ‚sapientes
1370 1087 1421 1127 me

276 1159 458 1243 inrideatis,
491 1164 714 1225 consternatus
743 1163 889 1246 equidem
917 1185 998 1227 sum.
1043 1163 1124 1227 Vale
1146 1164 1283 1228 Domine
1306 1165 1421 1228 dulcis-

276 1262 354 1324 sime
377 1265 409 1324 et
432 1262 498 1325 deis
522 1285 615 1327 curae
637 1266 715 1328 esto.
759 1261 932 1327 Dominam
950 1264 1069 1328 saluta.

635 1466 683 1532 11.
696 1466 763 1562 aa.
796 1432 949 1533 Domino
971 1468 1058 1533 neo.

360 1600 455 1666 Modo
488 1601 567 1666 mihi
595 1601 781 1666 Victorinus
813 1603 936 1666 indicat
962 1602 1135 1666 Dominam
1168 1607 1258 1667 tuam
1275 1606 1301 1691 {²
1315 1607 1421 1690 magis

273 1704 431 1769 caluisse3
462 1727 564 1788 quam,
590 1704 669 1767 heri.
710 1702 823 1767 Gratia
855 1704 974 1768 leviora
1002 1706 1110 1768 omnia
1132 1706 1314 1770 nuntiabat.
1348 1707 1419 1791 Ego

275 1808 307 1868 te
330 1805 447 1869 idcirco
469 1828 535 1870 non
557 1806 631 1889 vidi,
656 1805 739 1889 quod
762 1827 801 1868 ex
826 1805 1014 1889 gravidine⁴
1037 1828 1107 1869 sum
1128 1806 1307 1871 inbecillus.
1341 1807 1419 1873 Cras

274 1910 383 1971 tamen
405 1930 499 1971 manc
522 1908 650 1971 domum
679 1908 718 1971 ad
740 1911 772 1971 te
795 1908 932 1971 veniam.
978 1906 1110 1991 Eadem,
1140 1909 1167 1971 si
1194 1911 1419 1993 tempestivom

275 2009 345 2091 erit,
371 2010 469 2073 etiam
490 2008 663 2073 Dominam
684 2009 832 2074 visitabo.
912 2078 920 2095 ⁸

613 2211 681 2279 XI.
706 2212 761 2277 26.
797 2212 969 2295 Magistro
991 2213 1079 2278 Meo.

360 2348 466 2414 caluit
488 2352 520 2412 et
542 2348 635 2411 hodie
657 2348 829 2412 Faustina:
857 2352 889 2412 et
911 2348 1039 2432 quidem
1059 2348 1093 2411 id
1117 2370 1176 2432 ego
1198 2348 1302 2433 magis
1325 2337 1418 2413 hodie

194 2528 197 2532 Ι
274 2452 382 2515 videor
408 2450 487 2514 mihi
515 2449 791 2533 depraehendisse.
838 2448 915 2534 Sed,
934 2449 1000 2513 deis
1028 2450 1213 2513 iuvantibus
1238 2451 1418 2534 aequiorem

275 2554 417 2636 animum
438 2551 517 2615 mihi
539 2550 620 2614 11111
645 2551 726 2635 ipsa,
762 2551 846 2634 quod
879 2571 912 2614 se
940 2554 1008 2613 tam
1036 2551 1296 2634 obtemperanter
1323 2551 1417 2615 nobis

275 2653 501 2717 accommodat.
546 2653 614 2735 Tu,
635 2654 661 2716 si
690 2652 848 2735 potuisses
870 2651 1009 2734 scilicet,
1040 2652 1189 2716 venisses,
1234 2651 1324 2727 Quod
1352 2654 1418 2716 iam

273 2758 363 2838 potes
386 2757 418 2817 et
440 2753 522 2838 quod
544 2757 714 2817 venturum
735 2753 908 2837 promittis,
933 2753 1073 2816 delector
1094 2753 1139 2816 mi
1161 2754 1326 2837 magister.
1353 2753 1416 2817 Va-

274 2856 304 2919 le
327 2856 371 2918 mi
392 2854 620 2924 iucundissime
642 2854 805 2937 magister.

613 3058 702 3125 XII.
726 3059 782 3124 27.
815 3058 967 3124 Domino
989 3059 1076 3124 Meo.

358 3194 519 3270 Quomodo
541 3195 707 3277 manseris,
730 3193 878 3277 Domine,
905 3194 1005 3258 scire⁶
1034 3193 1137 3277 cupio.
1161 3193 1233 3277 Ego
1256 3194 1416 3258 cervicum

275 3298 381 3368 dolore
405 3300 551 3380 arreptus
574 3318 653 3360 sum.
677 3295 758 3360 Vale
781 3295 929 3358 Domine.
973 3295 1146 3359 Dominam
1168 3295 1280 3358 saluta.

476 3476 586 3583 ΧΙΙῘ.
610 3516 666 3582 28.
702 3517 727 3602 p
745 3516 917 3599 Magistro
938 3515 1015 3582 lleo
1039 3511 1212 3582 Salutem.

358 3653 494 3717 Noctem
521 3654 590 3716 sine
618 3653 701 3716 febri
729 3652 837 3716 videor
863 3652 1094 3716 transmisisse:
1119 3652 1225 3716 cibum
1245 3671 1312 3713 non
1334 3650 1414 3714 invi·

273 3760 326 3819 tus
349 3757 433 3839 cepi:
462 3777 548 3818 nunc
575 3775 636 3838 ago
658 3754 830 3818 levissime:
858 3775 924 3817 nor
950 3754 1026 3836 quid
1046 3753 1140 3836 ferat,
1175 3773 1412 3836 cognoscemus.

276 3857 337 3921 Sed
363 3858 407 3919 mi
435 3857 603 3939 magister,
640 3856 803 3920 cervicum
827 3854 932 3918 dolore
965 3858 998 3917 11
1026 3855 1189 3937 arreptum
1216 3875 1278 3936 quo
1307 3853 1414 3915 animo

275 3958 454 4039 didicerim,
497 3958 641 4040 profecto
685 3971 723 4020 ex
763 3960 818 4019 tua
856 3956 1001 4038 proxima
1033 3953 1247 4030 sollicitudine
1279 3955 1412 4017 metiris.

274 4058 355 4122 Vale
376 4059 420 4122 mi
442 4058 668 4122 iucundissime
690 4058 855 4142 magister.
900 4056 1005 4118 Mater
1027 4077 1098 4118 mea
1119 4055 1239 4118 salutat
1260 4058 1303 4118 te.

361 4338 373 4383 l
394 4329 565 4399 Schopenus:
576 4327 664 4404 ,Quod
682 4340 706 4382 le
723 4335 816 4383 saluom
836 4357 866 4367 —-
884 4334 1008 4380 maximas
1026 4325 1064 4378 cis
1081 4330 1188 4394 pretias.

359 4422 374 4468 2
393 4415 492 4483 Incipit
510 4413 576 4467 Cod.
595 4412 658 4466 Vat.
677 4431 705 4482 p.
719 4419 759 4468 88.

359 4507 374 4553 3
393 4499 498 4552 Codex:
517 4504 641 4552 maliciose.
676 4494 765 4550 Maius
784 4502 899 4550 va’uivse.
936 4493 1062 4548 Correxit
1080 4493 1247 4563 Schopenus.

358 4590 375 4636 4
393 4584 436 4636 111
454 4583 554 4636 Codex.

359 4675 374 4722 5
391 4669 480 4722 Maius
496 4669 617 4736 legerat:
636 4673 709 4735 donzi,
729 4672 842 4720 nescire:
860 4664 933 4718 unde
951 4664 1110 4732 Schopcnus
1128 4670 1234 4722 rescire.
1274 4662 1414 4731 Hauptius

275 4753 401 4809 correxit.

359 4844 374 4892 6
392 4836 492 4906 Incipit
511 4835 577 4889 Cod.
595 4834 659 4888 Vat.
678 4853 705 4903 p.
720 4840 760 4888 87.
