3300 5950
458 787 507 846 AD
525 788 562 850 M.
579 785 771 847 CAESAREM
788 785 836 845 ΕΤ
855 784 1006 846 INVICEM
1023 787 1130 845 LIBER
1147 785 1180 845 V.
1353 788 1394 857 79

251 965 378 1027 verum¹
401 964 449 1027 ita
471 964 595 1028 modico
623 966 660 1028 ut
682 967 714 1027 et
735 963 921 1047 ingrederer
942 963 1172 1047 pedetemptim
1194 966 1227 1026 et
1252 962 1397 1026 vehiculo

251 1069 367 1129 uterer.
411 1065 483 1129 Hac
504 1069 599 1130 nocte
629 1066 846 1130 vehementior
874 1064 961 1128 dolor
987 1066 1118 1146 invasit,
1147 1066 1194 1128 ita
1220 1067 1333 1127 tamen·
1360 1066 1397 1125 ut

251 1167 360 1230 iacens
381 1167 477 1230 facile
499 1168 615 1250 patiar,
639 1168 703 1231 nisi
725 1167 802 1251 quid
824 1166 961 1249 amplius
986 1166 1155 1250 ingruerit.
1193 1165 1397 1249 Augustam²

251 1271 340 1331 tuam
362 1273 510 1332 vexatam
533 1269 635 1332 audio.
669 1269 755 1332 Diis3
782 1268 928 1352 equidem
951 1268 1087 1332 salutem
1109 1269 1175 1331 eius
1199 1267 1394 1332 commende.

250 1368 342 1451 Vale,
366 1368 504 1433 Domine
527 1371 719 1434 dulcissime.
757 1369 931 1433 Dominam
953 1369 1068 1433 saluta.

585 1539 669 1605 vn.
693 1539 748 1605 22.
772 1539 945 1621 Magistro
968 1539 1055 1605 Meo.

335 1674 432 1738 Ludis
455 1678 492 1738 tu
514 1676 656 1759 quidem:
680 1679 714 1739 at
735 1675 816 1738 mihi
837 1676 1037 1759 peramplam
1053 1676 1250 1739 anxietatem
1264 1679 1297 1740 et
1312 1698 1414 1774 sum-l

251 1799 337 1839 mam
352 1777 597 1861 aegritudinem,
621 1777 762 1841 dolorem
784 1780 816 1841 et
831 1778 941 1861 ignem
956 1778 1263 1861 flagrantissimum4
1277 1778 1395 1842 litteris

252 1878 302 1940 his
324 1879 388 1941 tuis
410 1878 563 1962 misisti⁵‚
587 1901 628 1942 ne
651 1901 776 1967 cenare,
800 1901 842 1942 ne
864 1879 1011 1962 dormire,
1040 1902 1081 1943 ne
1108 1879 1244 1962 denique
1267 1881 1395 1944 studere

251 1978 360 2043 libeat.
405 1980 526 2044 Verum
561 1983 597 2044 tu
630 1980 783 2044 orationis
812 1979 985 2044 hodiernae
1014 1984 1088 2043 tuae
1121 1980 1240 2044 habeas
1268 1981 1396 2063 aliquod

227 2081 420 2163 'solacium3
455 2084 489 2143 at
516 2104 576 2167 ego
599 2082 627 2167 ll
649 2083 725 2166 quid
745 2077 889 2147 faciam?
925 2083 979 2166 qui
1008 2085 1041 2146 et
1068 2082 1242 2164 auditionis
1268 2105 1396 2146 omnem

251 2182 316 2244 iam
337 2182 536 2266 voluptatem
559 2186 781 2267 consumpsei⁷
804 2188 837 2249 et
858 2187 966 2248 metuo
980 2205 1022 2246 no
1037 2183 1166 2247 Lorium
1180 2185 1396 2248 tardiuscule⁸

251 2284 361 2346 venias
385 2287 417 2346 et
439 2285 529 2349 doleo
552 2286 636 2369 quod
657 2286 788 2349 interim
810 2286 907 2349 doles.
934 2284 1026 2367 Vale,
1050 2286 1095 2348 mi
1116 2286 1281 2370 magister,
1307 2286 1396 2349 cuius

252 2384 337 2447 salus
359 2407 464 2449 meam
486 2386 623 2451 salutem
644 2388 814 2451 inlibatam
837 2391 870 2452 et
891 2387 1083 2451 incolumem
1104 2388 1194 2452 facit.

574 2556 679 2623 vlll.
702 2556 758 2623 23.
789 2557 963 2640 Magistro
984 2557 1072 2622 lleo.

337 2690 408 2777 Ego
431 2653 496 2755 dies
519 2694 597 2757 istos
624 2693 725 2757 tales9
747 2693 902 2777 transegi.
927 2692 1054 2757 Soror¹⁰
1071 2694 1177 2757 dolore
1192 2693 1396 2758 muliebrium

253 2794 393 2876 partium
415 2794 462 2856 ita
485 2798 631 2879 correpta
659 2799 708 2859 est
729 2799 873 2879 repente,
897 2798 934 2858 ut
954 2794 1071 2858 faciem
1090 2795 1283 2860 horrendam
1311 2797 1395 2861 vide·
1471 2872 1475 2879 ¹

254 2895 329 2958 rim:
356 2899 459 2960 mater
488 2900 594 2960 autem
621 2919 692 2960 mea
719 2899 754 2961 in
777 2919 815 2961 ea
837 2896 1051 2981 trepidatione
1079 2898 1254 2982 inprudens
1277 2900 1396 2983 angulo
1492 2932 1495 2936 ⁷

253 2999 385 3079 parietis
409 2999 685 3086 costaminflixit3
708 3022 744 3063 eo
765 3001 834 3063 ictu
856 3000 998 3083 graviter
1021 3003 1108 3063 etse
1132 3004 1164 3063 et
1186 3022 1244 3064 nos
1266 3002 1394 3065 adfecit.

252 3098 326 3180 lpse
349 3121 420 3161 cum
443 3101 587 3163 cubitum
607 3101 697 3183 irem,
722 3101 921 3183 scorpionem
936 3103 971 3164 in
988 3101 1072 3165 lecto
1087 3102 1220 3166 offendi:
1243 3104 1397 3186 occupavi

253 3203 362 3263 tamen
395 3222 467 3263 eum
499 3202 651 3285 occidere,
681 3202 867 3286 priusquam
896 3225 992 3286 supra
1024 3204 1253 3267 accumberem.
1299 3204 1348 3267 Tu
1370 3205 1397 3267 si

253 3302 371 3364 rectius
393 3303 489 3384 vales,
514 3307 563 3367 est
585 3304 746 3368 solacium.
782 3303 887 3368 Mater
909 3305 973 3367 iam
995 3304 1094 3368 levior
1116 3308 1174 3388 est,
1199 3306 1266 3369 deis
1288 3307 1396 3371 volen-

253 3403 348 3466 tibus.
384 3403 474 3488 Vale7
497 3407 542 3467 mi
564 3406 683 3489 optime
702 3406 887 3470 dulcissime
908 3408 1072 3491 magister.
1110 3407 1249 3481 Domina
1271 3431 1342 3471 mea
1363 3412 1396 3471 te

254 3505 382 3568 salutat.

598 3608 667 3676 rx.
695 3609 751 3675 ar.
786 3609 938 3676 nomino
960 3610 1048 3675 na.
1087 3571 1089 3575 ’

338 3741 440 3817 Quom
461 3747 493 3808 te
516 3746 636 3809 salvom
659 3750 692 3809 et
713 3747 871 3811 inlaesum
897 3747 947 3810 dei
969 3746 1210 3831 praestiterimt7
1240 3747 1395 3812 maximas

342 3919 354 3964 1
375 3912 440 3966 Cod.
459 3931 501 3982 pr.
520 3933 556 3967 m.
576 3920 684 3970 verbum.

339 3997 498 4064 2Augusta
524 3999 625 4052 dicitur
649 3999 794 4067 Faustina,
827 4001 893 4069 quia
914 4000 972 4054 filia
994 3999 1036 4053 Pii
1054 4001 1185 4070 Augusti,
1213 4003 1264 4056 etsi
1286 4003 1396 4057 Marcus

255 4082 345 4134 adhuc
362 4081 391 4133 in
410 4081 534 4136 Caesaris
552 4083 689 4152 dignitate
708 4084 832 4139 sistebat.
869 4090 962 4140 Maius.

339 4174 354 4220 3
374 4165 438 4219 dod.
458 4186 500 4237 pr.
520 4186 555 4222 m.
576 4175 638 4223 dier.

338 4256 355 4302 4
373 4251 416 4304 lta
434 4250 539 4318 socen
559 4252 610 4306 etsi
628 4253 696 4306 alibi
713 4271 768 4307 non
787 4253 872 4308 semel
887 4260 968 4324 [rapt

340 4342 355 4387 5
373 4335 512 4390 Emendat.
528 4335 699 4406 Schopenus:
717 4344 838 4394 inussisti.

339 4425 354 4471 6
372 4419 474 4489 Incipit
492 4421 557 4474 Cod.
577 4422 666 4476 Vatia.
686 4440 713 4491 p.
729 4429 784 4476 105.

339 4509 354 4556 7
372 4504 542 4559 Emendator
560 4506 662 4560 delevit
679 4527 701 4560 e.

338 4594 354 4639 8
373 4586 438 4641 Cal.
458 4607 499 4658 pr.
519 4608 555 4644 m.
575 4597 746 4644 tardiusculei.

338 4679 354 4725 9
373 4670 543 4741 Schopenus:
562 4683 633 4729 mule.

323 4762 354 4809 10
371 4756 462 4810 Annia
481 4757 626 4812 cornificia
642 4757 730 4814 Marci
747 4757 830 4814 unica
847 4777 925 4815 soror
947 4764 976 4816 et
994 4765 1062 4817 natu
1079 4763 1177 4820 minor.
1215 4765 1254 4821 Ol
1276 4767 1392 4837 Capitol.

253 4838 282 4891 in
300 4839 340 4893 vit
367 4841 403 4894 M.
424 4859 445 4893 c.
462 4849 483 4894 1.
503 4848 527 4895 4.
548 4848 571 4895 7.
591 4849 614 4899 9.
938 4862 942 4869 ”
