3300 5950
186 832 188 834 ¹
269 770 329 834 134
484 767 521 821 M.
541 765 711 821 CORNELII
728 764 937 820 PRONTONIS
954 764 1211 821 EPISTULARUM

267 961 304 1002 eo
327 943 405 1023 aput
432 943 464 1002 te
488 960 526 1001 ex
549 938 649 1001 animi
671 938 735 1001 mei
764 938 927 1000 sententia
958 959 1026 1001 sum
1054 937 1229 1007 fabulatus.
1275 938 1345 1003 Nec
1373 940 1414 1002 ab

266 1064 301 1105 re
324 1064 391 1105 esse
413 1044 491 1124 puto
512 1061 685 1103 memorem
707 1042 739 1103 te
762 1043 873 1103 tamen
896 1039 1078 1104 admonere.

351 1143 381 1207 A
408 1144 512 1226 prima
540 1145 644 1206 aetate
671 1164 728 1205 sua
751 1162 801 1205 me
825 1142 950 1206 curavit
972 1142 1091 1206 Gavius
1114 1143 1227 1208 Clarus
1248 1144 1414 1207 familiari-

267 1249 326 1328 ter,
350 1267 416 1308 non
438 1245 531 1308 modo
553 1245 592 1309 iis
615 1244 741 1328 officiis,
765 1244 880 1328 quibus
896 1248 1025 1307 senator
1041 1248 1145 1309 aetate
1166 1249 1198 1309 et
1220 1247 1289 1310 loco
1310 1246 1415 1309 minor

266 1347 420 1411 maiorem
442 1348 544 1431 gradu
567 1349 663 1430 atque
683 1350 765 1409 natu
781 1349 963 1409 senatorem
985 1348 1084 1431 probe
1103 1348 1179 1411 colit
1195 1370 1233 1412 ao
1255 1370 1413 1431 promere-

267 1453 334 1532 tur,
357 1449 412 1512 sed
434 1449 590 1532 paulatim
612 1447 755 1512 amicitia
771 1451 883 1512 nostra
898 1470 934 1511 eo
950 1448 1116 1532 processit,
1140 1453 1176 1513 ut
1198 1472 1301 1533 neque
1323 1450 1414 1513 illum

268 1551 395 1636 pigeret
417 1572 520 1635 neque
535 1573 587 1614 me
601 1552 745 1634 puderet,
771 1572 808 1615 ea
824 1549 916 1613 illum
932 1551 1079 1615 oboedire
1101 1551 1191 1634 mihi,
1215 1574 1296 1635 quae
1318 1552 1414 1615 clien-

267 1654 353 1736 tes¹,
384 1675 464 1736 quae
491 1652 599 1716 liberti
628 1652 737 1716 fideles
766 1675 804 1716 ac
825 1652 978 1717 laboriosi
1001 1654 1207 1736 obsecuntur3
1235 1654 1324 1717 nulla
1353 1653 1413 1718 hoc

269 1760 325 1821 aut
352 1777 423 1819 mea
449 1754 623 1820 insolentis
651 1758 706 1817 aut
732 1754 818 1818 illius
849 1755 1048 1838 adulatione3
1077 1755 1132 1819 sed
1154 1759 1266 1819 mutua
1296 1759 1413 1819 caritas

268 1862 378 1922 nostra
401 1862 433 1921 et
455 1880 544 1922 amor
567 1879 659 1922 verus
683 1857 801 1921 ademit
822 1857 950 1941 utrique
966 1860 1112 1920 nostmm
1127 1858 1161 1921 in
1177 1857 1293 1921 officiis
1308 1860 1413 1922 mode-

268 1961 377 2023 randis
399 1982 526 2023 omnem
548 1959 841 2023 detrectationem

352 2061 436 2137 Quid
456 2084 515 2146 ego
530 2082 702 2125 memorem
723 2060 856 2145 negotia
877 2060 912 2123 in
934 2062 1004 2124 foro
1027 2064 1137 2124 nostra
1159 2062 1294 2125 minima
1315 2064 1413 2125 maxi-

267 2187 381 2249 maque
405 2165 445 2228 ab
469 2186 505 2228 eo
529 2163 662 2227 curata?
700 2165 756 2225 aut
777 2164 863 2226 domi
889 2162 992 2247 quod²
1014 2164 1140 2246 uspiam
1162 2166 1249 2227 recte
1272 2164 1414 2228 clausum

268 2271 324 2331 aut
350 2267 559 2351 opsignatam
593 2268 649 2329 aut
679 2266 824 2329 curatum
853 2267 909 2327 aut
938 2265 1120 2328 confectum
1152 2266 1259 2349 J³quid
1287 2267 1411 2348 vellem,

267 2391 318 2433 me
341 2370 397 2433 uni
419 2368 495 2432 huic
517 2368 686 2431 mandasse
709 2370 742 2429 et
765 2366 1021 2431 concredidisse?

355 2470 417 2534 Sed
439 2470 522 2553 quod
546 2468 693 2532 alumnus
708 2490 798 2532 meus
820 2490 917 2551 aegre
934 2467 1100 2550 1111111111,
1125 2469 1304 2535 valetudim
1326 2492 1414 2533 meae

270 2572 428 2660 curandae
458 2573 506 2635 ita
541 2592 664 2654 semper
697 2570 836 2652 studuit,
870 2573 997 2633 tantam
1031 2572 1118 2634 omni
1145 2576 1289 2656 tempore
1318 2572 1415 2636 etiam

268 2696 398 2758 operam
421 2673 522 2756 dedit,
551 2675 588 2735 ut
616 2671 788 2737 excubaret
811 2672 909 2735 etism
932 2693 1030 2757 aegro
1052 2671 1148 2757 mihi,
1174 2678 1221 2757 et,
1252 2675 1307 2737 ubi
1334 2676 1414 2738 meis

269 2798 328 2862 ego
350 2776 399 2839 uti
421 2775 569 2839 manibus
591 2796 648 2857 per
670 2773 886 2838 valetudinem
908 2796 975 2837 non
997 2796 1141 2859 possem,
1170 2798 1269 2839 manu
1292 2799 1350 2839 sua
1373 2776 1414 2839 ci-

269 2880 325 2942 bos
349 2879 388 2942 ad
410 2900 444 2941 os
467 2899 573 2941 meum
595 2876 746 2940 adferret.
791 2874 957 2939 Postremo
980 2876 1007 2940 si
1030 2878 1106 2960 quid
1128 2877 1330 2961 humanitus,
1361 2878 1414 2940 ab·

269 2984 358 3047 sente
381 2981 549 3045 Victorino
577 2984 609 3044 et
631 2979 759 3042 domino
780 2979 882 3042 fratre
904 3002 991 3061 meo,
1021 2979 1100 3042 mihi
1124 2981 1309 3063 accidisset,
1339 2979 1413 3044 huic

268 3086 353 3148 iusta
377 3084 500 3166 corpori
523 3104 593 3146 meo
617 3081 757 3146 curanda
780 3082 940 3145 mandavi.
971 3081 1199 3145 Praesentibus
1218 3082 1315 3146 etiam
1337 3082 1412 3164 11111,

269 3186 385 3250 abhoc
401 3185 601 3268 potissimum
625 3205 738 3266 corpus
760 3188 868 3246 meum
891 3183 1085 3246 contrectari
1107 3183 1290 3267 volui,quo
1306 3185 1413 3247 minus

269 3289 386 3351 doloris
409 3287 449 3350 ad
471 3286 604 3349 fratrem
627 3288 660 3349 et
686 3306 841 3369 generum
869 3306 975 3347 meum
1003 3306 1042 3347 ex
1065 3288 1216 3349 contactu
1238 3284 1323 3348 ullo⁴
1347 3308 1413 3349 eor-

269 3390 356 3473 poris
378 3390 441 3452 mei
463 3387 654 3472 perveniret.

355 3490 444 3554 Haec
472 3490 550 3554 mihi
579 3512 650 3553 cum
680 3488 781 3552 Gavio
810 3487 903 3564 Claro
930 3488 1001 3552 iura
1029 3490 1137 3552 suntb.
1182 3489 1252 3552 Iam
1280 3511 1356 3572 ego,
1387 3489 1414 3551 si

270 3616 320 3657 res
343 3592 511 3656 familiaris
533 3590 612 3654 mihi
634 3590 756 3675 largior
778 3593 871 3673 esset,
896 3613 937 3654 ne
960 3590 1036 3674 quid
1059 3591 1098 3653 ad
1122 3591 1281 3667 senatoris
1303 3590 1414 3653 munia

270 3695 365 3759 facile
387 3694 554 3758 toleranda
576 3694 728 3775 deesset⁵,
753 3691 861 3755 omni6
884 3714 943 3776 ope
965 3691 1184 3755 subvenirem:
1221 3713 1324 3775 neque
1347 3714 1413 3754 um-

356 3915 373 3951 a
392 3902 424 3950 In
442 3893 568 3965 1111111111.-
587 3895 684 3949 Mutua
702 3895 803 3949 caritas
821 3898 919 3949 nostra
938 3895 966 3948 et
984 3909 1064 3948 amor
1077 3911 1159 3948 verus
1178 3894 1284 3948 ademit
1302 3892 1413 3960 utrique

270 3984 395 4038 nostrum
412 3983 441 4035 in
459 3981 557 4035 officiis
574 3980 752 4035 moderandis
770 3978 946 4034 insolentiam
965 3981 994 4032 et
1011 3978 1209 4034 adulationem.

299 4105 301 4107 ·
355 4068 374 4121 b
392 4072 425 4120 In
443 4073 570 4135 margine:
588 4066 664 4119 Haec
681 4063 750 4118 mihi
768 4096 800 4104 -
819 4065 891 4118 sunt.

271 4185 473 4196 θ,-

358 4246 370 4293 1
389 4239 477 4292 Fuere
494 4237 589 4305 igitur,
608 4233 686 4303 quia
702 4233 839 4289 libertinis
852 4232 954 4287 diversi
966 4235 1066 4299 essent,
1086 4232 1200 4287 clientes
1212 4231 1414 4287 Antoninorum

163 4362 190 4388 -,
272 4326 361 4380 adhuc
385 4325 490 4388 aetate,
514 4321 656 4388 adquam
680 4319 791 4373 omnino
813 4318 903 4372 multa
925 4336 959 4372 ex
982 4320 1108 4372 veterum
1130 4333 1206 4371 more
1234 4318 1412 4372 duraverunt.

272 4415 431 4465 Nieduln‘ius.
995 4456 999 4465 Ι

358 4491 580 4546 2Heiud0rfius:
600 4497 712 4559 quotmm
729 4488 880 4559 Hauptius:
899 4510 979 4559 quoni.

357 4588 372 4633 3
390 4577 491 4647 Incipit
510 4575 575 4630 Cod.
595 4595 622 4645 p.
640 4581 697 4628 424.

356 4669 373 4715 4
391 4660 495 4716 Codex:
514 4671 647 4717 concartau
667 4701 672 4713 .
694 4703 699 4712 .
721 4702 725 4711 .

359 4754 374 4801 5
393 4746 498 4801 Codex:
521 4752 631 4806 desseret,
650 4746 680 4800 et
697 4761 767 4799 corr.
786 4750 914 4798 deessent.

358 4839 373 4886 6
391 4830 532 4901 Legerim:
551 4837 617 4885 orani
634 4838 659 4886 ei
675 4849 732 4902 ope.
769 4834 943 4896 Heindorfius.
