3300 5950
536 797 539 802 Ι
659 720 937 777 raonnsonum.
1132 728 1138 740 ·
1331 742 1367 787 ιχ

232 913 305 955 casu
334 892 470 974 quodam
498 915 601 976 nuper
630 894 670 956 ad
691 892 887 956 Frontonem
913 892 1037 957 delatus
1060 915 1163 976 eram,
1193 894 1297 959 varias
1325 895 1367 957 le-

232 994 353 1058 ctiones
381 1016 454 1057 suas
486 994 565 1058 mihi
587 994 671 1057 ultro
699 993 828 1078 obtulit.
874 992 959 1069 Quas
983 1017 1055 1058 cum
1076 995 1250 1078 reciperem
1273 998 1366 1080 grato

231 1095 353 1176 animo,
393 1098 429 1158 ut
463 1094 632 1178 debebam,
668 1095 762 1159 simul
790 1095 953 1179 pollicitus
988 1100 1037 1160 est
1070 1096 1105 1160 in
1140 1097 1278 1161 editione
1313 1120 1368 1180 pa-

229 1197 330 1261 randa
359 1196 490 1261 consilia
519 1200 551 1261 et
579 1219 709 1281 operam
735 1220 825 1261 suam
850 1197 930 1260 mihi
957 1220 1024 1262 non
1053 1199 1248 1262 defuturam:
1271 1221 1367 1283 quam

231 1298 326 1362 fidem
355 1321 426 1362 cum
456 1301 575 1363 amicus
597 1299 734 1363 fideliter
763 1298 907 1381 solverit,
939 1299 1102 1383 aliquanto
1131 1300 1224 1364 citius
1252 1302 1285 1363 et
1305 1300 1368 1363 for-

210 1404 316 1465 ·tasse
339 1401 452 1465 melius
468 1423 591 1484 quoque
613 1402 780 1485 negotium
802 1402 954 1484 perficere
976 1401 1076 1484 potui,
1101 1401 1239 1485 quamsi
1261 1400 1296 1463 in
1317 1402 1368 1464 iti-

231 1525 306 1567 nere
335 1503 404 1566 sinc
434 1502 549 1567 comite
576 1502 660 1566 solus
692 1503 960 1580 relictusessem.
1011 1502 1129 1577 Quodsi
1158 1503 1259 1587 igitur
1292 1502 1369 1566 boni

232 1604 350 1687 aliquid
372 1626 461 1668 meae
484 1604 616 1668 editioni
637 1604 725 1688 insit,
749 1604 845 1668 velim
860 1604 994 1669 lectores
1008 1604 1069 1667 hoc
1091 1604 1290 1687 potissimum
1313 1604 1368 1667 tri·

232 1708 332 1769 buant
354 1707 471 1788 amico,
495 1706 565 1789 qui,
594 1706 805 1789 quantumin
833 1707 943 1791 fugaci
965 1706 1124 1789 scriptura
1152 1705 1269 1769 codicis
1291 1705 1368 1768 Am-

231 1807 371 1871 brosiani
391 1807 498 1889 licuit,
529 1807 803 1871 accuratissimum
831 1830 865 1871 se
886 1808 922 1872 in
945 1808 1138 1871 conferendo
1160 1807 1367 1890 praestiterit.

231 1908 398 1992 Equidem,
423 1909 474 1973 cui
495 1908 616 1991 paratis
639 1908 774 1992 dapibus
796 1909 844 1972 uti
867 1912 942 1973 1111
966 1912 1087 1973 ceteros
1109 1906 1219 1973 omnes
1243 1929 1370 1972 conces-

231 2031 300 2073 sum
328 2010 406 2092 fuit,
442 2010 468 2073 si
496 2010 602 2073 officio
624 2013 710 2074 recte
732 2011 863 2075 functus
885 2012 1033 2093 videbor,
1068 2010 1149 2074 nihil
1177 2009 1264 2075 mihi
1279 2010 1369 2072 adro-

232 2111 325 2195 gabo,
350 2113 405 2175 sed
426 2112 504 2175 satis
526 2111 660 2193 habcb0,
685 2112 711 2174 si
736 2113 1002 2196 vituperationem
1024 2114 1174 2195 effugere

316 2213 376 2277 Sed
404 2214 469 2276 ianr
497 2215 624 2296 tempus
652 2216 700 2276 est
727 2213 832 2277 dicere
861 2215 899 2277 de
929 2214 1035 2278 codice
1063 2213 1229 2296 rescripto.
1274 2212 1369 2277 hiber

232 2318 280 2377 cst
303 2313 479 2379 Vaticanus
501 2315 600 2396 5750,
629 2314 732 2378 forma
762 2316 933 2399 quadrata,
962 2314 1238 2396 membranaceus,
1270 2315 1369 2378 conti-

114 2471 116 2475 ,
231 2438 311 2479 nens
333 2416 469 2480 latinam
496 2416 795 2500 interpretationem
818 2419 974 2482 Actorum
1001 2416 1097 2501 primi
1120 2414 1369 2481 (11ηοὶ110111-

233 2516 419 2581 cedonensis
447 2518 501 2603 (A.
524 2518 611 2604 451).
656 2517 747 2582 Haec
769 2519 943 2603 scriptura,
974 2518 1060 2583 Maio
1081 2518 1200 2600 iudice,
1228 2519 1371 2603 pertinet
1451 2592 1454 2597 ¹

182 2615 183 2618 '
232 2619 298 2684 fere
326 2619 367 2683 ad
394 2620 555 2684 saeculum
582 2620 748 2684 decimum.
793 2621 833 2684 In
860 2622 963 2704 prima
991 2621 1112 2705 pagina
1138 2642 1236 2683 manu
1264 2622 1370 2683 vetere

232 2721 395 2784 scribitur:
433 2727 523 2786 Liber
546 2725 577 2785 S.
602 2727 778 2788 Columbom'
799 2730 837 2787 de
859 2727 965 2788 Bobio.
988 2721 1120 2785 —Bst
1141 2721 1249 2805 itaque
1272 2722 1370 2786 codex

233 2822 417 2905 Bobiensis,
451 2823 527 2886 olim
558 2846 633 2906 pars
661 2824 746 2888 illius
775 2824 1050 2909 splendidissimae
1076 2823 1306 2906 bibliothecae,
1331 2825 1369 2888 de

233 2946 295 3014 qua
317 2924 479 2990 adeundus
501 2926 661 2991 Amedeus
683 2925 858 3010 Peyronus.
902 2926 942 2990 In
964 2926 1162 3010 praefatione
1185 2926 1225 2990 ad
1247 2924 1370 2991 Cicero-

231 3026 282 3089 nis
318 3026 507 3090 Orationum
533 3027 730 3112 Fragmenta
763 3028 869 3092 locum
907 3029 954 3092 ita
990 3029 1057 3091 fere
1095 3027 1262 3091 describit:
1306 3027 1370 3110 „ln

233 3127 313 3191 valle
336 3150 431 3212 quam
446 3128 545 3212 Alpes
567 3129 733 3194 Penninae
757 3131 796 3193 ad
818 3130 984 3214 Liguriam
1005 3129 1203 3213 pertinentes
1226 3129 1371 3193 efficiunt
1497 3149 1499 3152 ’

233 3230 323 3312 quasi
351 3229 471 3293 circino
499 3231 751 3315 circumductae,
780 3235 830 3295 est
856 3232 932 3295 urbs
960 3231 1097 3295 Bobium
1124 3234 1252 3314 praeter
1281 3252 1369 3294 oram

233 3329 375 3395 Trebiae.
418 3330 508 3395 Duae
531 3332 571 3394 ad
592 3332 682 3396 illam
702 3334 812 3398 fenmt
833 3335 917 3415 viae3
941 3333 1041 3397 altera
1063 3356 1082 3396 a
1104 3324 1258 3416 Viqueria
1279 3354 1370 3398 secus

234 3454 359 3496 amnem
396 3432 572 3516 Staforam,
612 3434 713 3499 altera
746 3459 764 3498 a
796 3435 964 3499 Placentia
1003 3434 1178 3498 secundum
1209 3434 1368 3498 Trebiam.

224 3533 374 3630 ,Utraque
396 3535 535 3618 primum
556 3539 671 3620 patens
687 3541 720 3601 et
735 3541 860 3620 aperta,
882 3539 952 3599 tum
973 3537 1060 3599 intra
1081 3535 1223 3599 fluminis
1245 3535 1370 3599 alveum

232 3635 324 3698 modo
346 3635 479 3719 lubrica,
503 3638 596 3701 modo
618 3639 779 3723 glareosa3
803 3639 877 3703 dein
899 3638 998 3702 ardua
1020 3659 1078 3720 per
1099 3637 1256 3701 montium
1277 3637 1369 3720 iuga3

231 3734 371 3801 tandem
385 3760 442 3821 per
465 3739 597 3804 clivosos
619 3741 764 3804 tramites
787 3761 955 3822 praeceps3
978 3742 1112 3823 utraque
1127 3738 1238 3824 iniqua
1261 3741 1294 3802 et
1313 3737 1370 3802 tri

233 3837 326 3921 ginta
346 3839 447 3903 millia
468 3863 629 3924 passuum.
658 3880 700 3889 —
714 3841 813 3905 'Hinc
841 3863 929 3906 raros
956 3844 1149 3904 mercatores
1171 3841 1212 3913 ad
1233 3839 1370 3903 Bobium

234 3962 418 4024 commeare,
443 3964 461 4003 a
484 3942 572 4005 cultu
593 3945 777 4026 provinciae
796 3943 916 4026 abesse,
940 3942 1103 4006 neminem
1126 3945 1181 4005 aut
1202 3964 1259 4026 per
1281 3962 1370 4005 occa·

233 4042 354 4106 sionem
377 4042 440 4105 alio
463 4043 559 4106 eundi
581 4047 637 4106 aut
663 4045 761 4108 animi
783 4045 890 4129 gratia
911 4045 988 4109 illuc
1016 4043 1223 4125 contendere,
1247 4042 1370 4106 nullam

233 4144 369 4226 praedae
391 4166 480 4227 spem
500 4145 606 4209 facere
628 4145 855 4228 populabundo
877 4146 1044 4227 exercitui3
1067 4148 1105 4207 ut
1126 4148 1212 4208 reete
1233 4144 1370 4208 Bobimn

233 4245 320 4309 dieas
348 4246 459 4310 urbem
482 4269 500 4309 a
522 4249 591 4309 tota
617 4246 714 4310 Italia
741 4247 884 4310 divisam.
929 4246 1024 4310 Hanc
1051 4246 1158 4309 sedem
1179 4245 1219 4308 D.
1244 4245 1369 4309 Colum-

232 4347 346 4429 banus,
370 4347 502 4411 ineunte
525 4348 651 4413 saeculo
672 4347 746 4430 Vll,
771 4347 833 4411 sibi
855 4349 983 4432 suisque
1005 4347 1134 4431 delegit.
1163 4383 1206 4394 -
1232 4347 1284 4410 Ad
1305 4347 1370 4429 pri-

232 4471 318 4512 mam
339 4447 424 4513 hanc
440 4452 577 4513 aetatem
599 4449 739 4532 pertinet
761 4451 883 4532 primus
898 4448 1109 4512 bibliothecae
1123 4448 1252 4530 fundus,
1277 4431 1369 4511 vehe-

232 4551 333 4614 randa
359 4550 415 4612 illa
442 4551 565 4615 scilicet
596 4551 739 4614 codicum
767 4550 932 4634 suppellex
954 4572 973 4613 a
994 4549 1034 4612 D.
1059 4548 1255 4613 Columbano
1289 4550 1369 4613 eius-

232 4673 293 4735 que
315 4651 478 4733 discipulis
500 4652 638 4715 Bobium
666 4654 875 4735 eomportata.
920 4651 995 4715 Vidi
1023 4652 1058 4713 in
1081 4651 1295 4715 Ambrosiana
1323 4656 1369 4715 at

232 4773 292 4838 que
315 4751 523 4818 Taurinensis
545 4752 644 4821 habet
664 4753 762 4821 libros
784 4753 902 4823 latinos
926 4751 1091 4822 Saxonicis
1114 4753 1230 4818 litteris
1253 4752 1368 4823 deseri,
