3300 5950
295 803 356 866 160
505 800 541 853 Μ,
557 798 725 870 §dannan
743 797 949 853 FRONTONIS
967 799 1223 853 EPISTULARUM

294 994 347 1034 eas
380 993 491 1054 promo
523 1020 751 1034 ......
787 993 829 1033 00
858 1020 1035 1035 .....
1073 994 1095 1034 0
1131 976 1168 1035 u¹
1207 1021 1431 1038 ......

282 1091 301 1136 ’.
328 1124 335 1135 .
359 1077 428 1136 unt.

263 1253 265 1257 y
377 1161 485 1237 Laudo
502 1176 641 1239 censoris
656 1180 736 1239 illud
742 1175 764 1259 ²,
788 1176 842 1258 qui
858 1176 949 1238 ludos
964 1176 1095 1239 talarios
1117 1180 1263 1253 essuperet
1270 1176 1330 1260 3‚l⁴
1351 1175 1435 1258 quod

293 1277 518 1358 semetipsum
540 1277 677 1360 (1100101,
703 1299 774 1340 0010
802 1299 840 1340 ea
861 1279 1091 1360 praeterissct⁵‚
1122 1278 1253 1340 difficile
1282 1277 1435 1360 dignitati

293 1379 427 1460 servire,
457 1378 535 1461 quin
564 1379 755 1442 admodum
778 1379 892 1442 crotali
915 1383 971 1442 aut
994 1378 1131 1463 cymbali
1154 1379 1267 1460 pedem
1289 1382 1432 1462 poneret.

293 1480 374 1542 Tum
396 1483 562 1562 praeterea
584 1480 686 1543 multa
708 1483 784 1544 sunt
806 1480 841 1543 in
863 1480 925 1543 isto
947 1502 1066 1564 genere
1089 1480 1215 1543 dicendi
1237 1480 1371 1543 sinceris
1394 1480 1434 1542 si-

293 1580 397 1662 milia,
435 1581 498 1644 nisi
527 1583 598 1665 quis
621 1582 794 1666 diligenter
817 1583 1009 1647 examinare.
1054 1588 1165 1660 Iusque
1187 1587 1290 1645 durana
1312 1588 1434 1645 sceleri:

293 1681 351 1756 Q.⁶
374 1682 528 1745 Annaeus
552 1684 608 1746 ait.
654 1683 774 1748 Contra
797 1682 981 1748 Sallustius:
1011 1690 1215 1748 ampelusia
1238 1688 1435 1747 ualidioribus

292 1805 364 1847 esse.
411 1784 596 1848 Gallicanus
625 1784 753 1868 quidam
781 1786 976 1850 declamator
1005 1807 1077 1848 cum
1104 1784 1295 1848 Macedones
1318 1784 1435 1847 delibe-

293 1885 406 1967 rantis,
431 1885 616 1950 Alexandro
637 1887 748 1950 morbo
770 1890 907 1970 mortuo,
931 1910 973 1951 an
989 1886 1188 1969 Babylonem
1205 1935 1413 1950 .......
1423 1886 1434 1923 ⁷

294 1986 369 2070 quid
392 1986 419 2049 si
441 1989 545 2071 utens,
572 2010 640 2051 com
665 2038 803 2052 .....
812 1990 824 2029 ⁸
846 2011 915 2070 nes,
942 1988 1058 2071 inquit.

329 2080 333 2086 ’
378 2087 532 2151 Factum9
556 2093 618 2154 est:
642 2092 751 2154 eodem
773 2089 835 2153 hoc
857 2089 953 2153 verbo
968 2089 1056 2153 Enni
1074 2139 1081 2153 .
1098 2089 1286 2159 URmIAK
1303 2138 1309 2151 .
1329 2138 1336 2151 .
1354 2138 1360 2152 .
1379 2088 1436 2152 OA

295 2190 400 2254 claudi
420 2190 482 2271 ait,
505 2192 700 2255 factumest
724 2241 730 2254 .
757 2241 764 2254 .
789 2194 822 2255 ct
841 2197 970 2268 sueinus
993 2191 1259 2255 commemorabile
1270 2192 1309 2253 ¹⁰:
1343 2189 1435 2252 Tibe-

294 2293 338 2354 ris
361 2294 425 2373 est,
450 2292 568 2375 Tusce,
593 2293 734 2376 Tiberim
758 2315 853 2376 quem
874 2294 965 2357 iubes
988 2293 1120 2357 cludi¹':
1157 2291 1255 2356 Γ111101
1277 2293 1381 2355 amnis
1404 2295 1437 2353 et

295 2394 441 2456 dominus
458 2396 490 2456 et
504 2394 673 2458 fluentium
690 2394 773 2458 circa
788 2399 942 2479 regnator
964 2394 1122 2458 undarum
1133 2396 1164 2457 ¹².
1196 2394 1337 2458 Ennius:
1353 2400 1436 2457 Post-

294 2516 383 2572 quam
415 2503 548 2559 consistit
555 2496 580 2535 ¹³
613 2502 722 2574 aercius
754 2504 807 2573 qur·
839 2504 968 2561 omnium
997 2504 1156 2577 princeps,
1200 2505 1250 2573 qui
1285 2500 1338 2558 sub
1369 2516 1436 2558 cue·

381 2648 398 2684 a
420 2636 453 2684 ln
470 2637 594 2699 morpiae:
624 2630 713 2684 Multa
738 2632 801 2684 sunt
823 2630 924 2685 similia
945 2632 1070 2699 sinceris,
1092 2632 1144 2685 nisi
1167 2612 1352 2708 scrupulosius
1375 2646 1436 2683 exa·

295 2716 455 2769 minantum

383 2825 394 2869 1
414 2818 446 2869 ln
463 2818 506 2871 his
523 2817 629 2871 lacunis
646 2818 789 2887 perierunt
805 2820 863 2873 tres
880 2836 985 2872 versus.

381 2908 396 2955 2
414 2902 522 2972 Nempe
541 2902 662 2971 quinque
680 2903 791 2957 litterae
810 2903 953 2958 evanidas.

380 2995 396 3042 3
413 2988 521 3042 Novem
538 2988 657 3042 litterae.

380 3079 397 3126 4
415 3074 515 3142 Incipit
534 3073 599 3127 Cod.
619 3092 646 3143 p.
667 3081 724 3129 3492

381 3165 397 3211 5
415 3159 447 3212 ln
464 3158 564 3211 Codice
582 3159 639 3227 legi
656 3159 779 3213 videtur:
796 3179 862 3229 prae
882 3203 887 3214 .
909 3189 968 3213 ..-.
989 3201 995 3212 .
1015 3202 1021 3212 .
1040 3169 1087 3215 set.
1117 3157 1206 3212 Maius
1223 3175 1279 3212 non
1297 3158 1437 3227 expedivit

229 3258 243 3274 ²
296 3244 367 3296 hanc
385 3242 559 3296 sententiam.
596 3243 726 3297 Lectores
747 3244 862 3299 videant
879 3260 915 3296 an
933 3260 977 3296 res
995 3243 1063 3295 mihi
1080 3242 1178 3295 melius
1197 3241 1315 3297 cesserit.

381 3333 396 3379 6
414 3327 457 3380 lta
474 3326 562 3380 Maius
580 3326 702 3395 legebat.

381 3419 395 3466 ‘l
414 3411 518 3480 Supple
537 3413 600 3465 octo
618 3412 735 3466 litteras.
771 3412 914 3466 Fortasse:
933 3435 967 3466 aa
984 3417 1118 3481 Babylone
1135 3423 1273 3467 manerent.

381 3501 396 3549 8
414 3496 518 3566 Supple
537 3497 658 3566 quinque
676 3498 793 3552 litteras.
830 3497 973 3552 Fortasse:
996 3504 1121 3553 commode
1139 3517 1233 3552 mones.

380 3588 396 3636 9
414 3583 458 3635 lta
473 3583 504 3636 in
522 3581 622 3636 Codice
641 3600 658 3636 a
674 3583 757 3636 linea.
776 3613 809 3622 ——
827 3582 934 3636 Vitium
952 3582 1121 3636 aFrontone
1139 3584 1253 3637 notatur
1269 3582 1299 3635 in
1316 3582 1437 3651 repetita

296 3667 435 3721 locutione
456 3672 615 3734 factumest.
647 3672 823 3721 Burmannus.
860 3666 1019 3721 Consulenti
1036 3666 1148 3736 patebit
1165 3667 1224 3720 eius
1243 3666 1436 3736 supplementa

295 3751 408 3803 minime
427 3751 572 3804 convenire
591 3769 653 3804 cum
672 3751 738 3806 dod.
757 3751 870 3805 lacunis

366 3842 396 3889 10
414 3836 539 3889 Lacunas
560 3836 681 3890 indicavi
703 3838 839 3903 quantum
860 3837 941 3905 potui
962 3835 1175 3890 accuratissime.
1210 3835 1252 3889 De
1274 3836 1336 3890 loco
1359 3838 1437 3897 resti-

295 3922 399 3976 tuendo
418 3921 547 3988 equidem
565 3920 689 3990 despero,
727 3919 803 3984 Quae
822 3921 957 3990 supplevi,
975 3921 1040 3974 dedi
1057 3920 1156 3974 litteris
1172 3919 1283 3974 italicis

364 4012 394 4060 11
415 4004 481 4059 Cod.
494 4022 547 4060 sco.
561 4023 597 4059 m.
613 4012 704 4060 claudi.
730 4004 867 4059 Videntur
884 4007 972 4060 verba
990 4006 1073 4060 edicti
1090 4005 1163 4059 illius
1182 4023 1237 4073 quo
1256 4006 1292 4058 Μ.
1311 4006 1437 4059 Aurelius

296 4091 420 4145 Tiberim
437 4091 618 4144 inundantem
637 4090 758 4144 coerceri
775 4089 894 4145 iusserit.
929 4091 1011 4145 Illam
1037 4093 1113 4146 certe
1135 4091 1272 4144 urbanam
1296 4090 1436 4143 calamita-

295 4178 353 4229 tem
372 4177 422 4229 sub
440 4175 526 4229 initiis
543 4174 653 4244 imperii
671 4175 797 4229 divorum
815 4174 946 4229 Fratrum
963 4176 1113 4244 contigisse
1132 4175 1172 4228 ait
1185 4174 1333 4243 Capitolia.
1352 4173 1381 4226 in
1399 4175 1436 4226 M.

295 4278 355 4329 cap.
374 4261 439 4315 Vlll
458 4277 574 4328 eamque
593 4277 659 4314 cura
676 4259 832 4329 principum
853 4260 938 4314 fuisse
956 4262 1150 4330 temperatam.
1188 4263 1284 4315 Maius.

364 4352 395 4400 12
412 4345 530 4399 Videtur
556 4345 665 4399 Marcus
692 4344 783 4399 edicto
810 4361 859 4399 suo
880 4344 1029 4414 Virgilium
1051 4344 1176 4397 i1nitatus
1202 4344 1270 4397 Aen.
1294 4343 1367 4397 Vlll.
1391 4351 1436 4399 l‘l:

294 4437 413 4499 corniger
430 4436 590 4499 hesperidum
606 4436 696 4499 fluuius
713 4440 836 4498 repraeter
853 4451 983 4500 uquarum.
1009 4433 1104 4482 Maius.
1135 4427 1199 4481 Non
1217 4428 1315 4496 opinor
1332 4429 1437 4482 Maium

294 4514 462 4568 intellexisse
481 4515 547 4582 quid
564 4514 668 4568 Fronto
687 4514 774 4580 dicat3
798 4516 880 4568 erunt
897 4515 1017 4569 fortasse
1035 4512 1185 4580 aliquando
1203 4512 1251 4581 qui
1268 4514 1340 4566 hanc
1357 4513 1437 4582 pagi-

294 4617 359 4652 nam
378 4600 538 4669 expediant:
558 4599 687 4667 equidem
705 4616 819 4668 operam
836 4597 954 4668 perdidi.
1044 4640 1055 4651 .

364 4691 395 4738 13
414 4684 480 4738 Cod.
501 4684 617 4739 ooNsr
631 4727 637 4738 .
652 4728 657 4738 .
672 4685 721 4750 ΤΙ,
745 4684 794 4738 sed
811 4683 923 4736 litterae
945 4684 1068 4752 fugaces.
1105 4682 1357 4747 democrates,
1377 4686 1436 4734 161:

100 4785 104 4792 ·
211 4804 212 4807 =
296 4777 337 4841 qui
362 4780 399 4823 est
418 4773 514 4823 ornnitu
529 4776 661 4838 princeps.
698 4770 840 4824 Vahlenus
866 4767 1049 4823 conferendus
1076 4769 1106 4821 et
1128 4768 1266 4821 Beekerus
1291 4768 1320 4819 in
1342 4765 1436 4818 Diario

294 4855 383 4909 Marb.
399 4857 468 4908 ’1849
485 4870 513 4921 p.
532 4861 590 4909 331.
