3300 5950
280 790 339 852 198
488 786 523 838 M.
545 784 713 838 CORNELII
731 781 938 837 FRONTONIS
956 782 1211 837 EPISTULARUM

366 956 533 1018 ¹Proeulus
558 1004 565 1017 .
591 1006 598 1018 .
626 1005 631 1018 .
659 1005 665 1017 .
696 953 863 1017 biennium
890 953 969 1016 illud
994 1002 1000 1015 .
1026 1004 1033 1016 .
1060 1004 1065 1016 .
1092 956 1140 1016 est
1164 1003 1170 1016 .
1199 1003 1205 1016 .
1232 1003 1238 1016 .
1285 954 1417 1018 Homini

277 1058 344 1120 seni
367 1057 519 1139 quidquid
540 1056 671 1120 interim
692 1055 745 1136 fit,
769 1055 859 1117 iuxta
881 1054 1012 1118 interim
1034 1055 1114 1117 fita.
1137 1104 1143 1117 .
1171 1104 1177 1116 .
1205 1105 1211 1117 .
1235 1056 1417 1139 inrogatam

278 1211 284 1222 .
304 1158 511 1241 praevertit,
535 1160 567 1219 et
588 1156 843 1240 quinquennium
858 1156 893 1218 in
915 1156 1090 1219 triennium
1113 1158 1240 1220 artavit.
1272 1156 1418 1239 Namque

276 1283 382 1324 meum
406 1310 412 1323 .
439 1309 445 1322 .
469 1260 537 1322 lata
558 1262 628 1322 tum
651 1309 658 1320 .
685 1307 692 1320 .
721 1257 811 1319 nium
833 1257 913 1320 facit
937 1307 944 1320 .
971 1307 977 1319 .
1009 1256 1183 1350 clementer
1207 1307 1415 1321 .......

279 1407 1224 1425 .............................
1257 1358 1300 1421 (²
1342 1358 1417 1422 Pro-

278 1464 367 1526 culus
389 1461 484 1524 homo
506 1461 639 1544 ingenio
662 1461 701 1523 ad
726 1463 832 1523 cetera
853 1460 985 1523 remisso
1009 1463 1041 1523 et
1056 1459 1202 1542 delicato,
1228 1461 1332 1524 sedin
1348 1483 1419 1524 sen-

277 1564 388 1627 tentiis
412 1562 556 1626 dioundis
573 1563 613 1625 ad
634 1561 832 1645 puniendum
854 1560 949 1644 paulo
969 1560 1189 1624 vehementior
1204 1564 1236 1624 et
1251 1562 1399 1626 infestior
1408 1564 1420 1599 ²³

280 1715 286 1728 .
314 1715 320 1727 .
345 1663 492 1746 Plerique
521 1663 560 1725 ad
584 1665 688 1726 cetera
721 1660 899 1749 [minime]⁴
926 1662 1016 1744 serii,
1046 1663 1081 1725 in
1108 1662 1278 1725 iudicando
1310 1666 1418 1726 tamen

279 1766 383 1849 asperi
404 1765 509 1846 fuere3
542 1764 664 1827 scilicet
692 1767 729 1826 ut
750 1785 808 1847 pro
831 1763 1000 1827 severitate
1027 1785 1089 1846 qua
1122 1763 1284 1846 carebant,
1308 1765 1418 1827 obten-

279 1867 350 1928 sui5
372 1866 539 1930 saevitiam
562 1865 806 1928 subornarentb.

362 1967 534 2031 Biennium
555 1970 633 2029 tuno
656 1966 693 2028 de
718 2015 724 2027 .
752 2015 758 2028 .
782 1966 873 2029 dem⁶
888 1965 1061 2030 Volumnio
1075 1988 1133 2049 pro
1151 2016 1261 2030 .....
1279 1989 1367 2030 nunc
1385 2018 1391 2030 .
1412 2016 1418 2031 .

280 2069 443 2133 biennium
465 2068 532 2131 vita
557 2118 563 2130 .
590 2118 597 2130 .
622 2067 675 2150 agi
699 2089 717 2128 a
739 2070 772 2129 te
797 2116 830 2129 ..
854 2068 942 2131 entia
964 2069 1020 2130 tua
1042 2089 1093 2131 res
1118 2118 1124 2131 .
1150 2117 1156 2130 .
1182 2068 1307 2132 detrahi
1330 2070 1420 2153 igno-

278 2169 412 2232 miniam
433 2169 557 2233 iusseris
579 2167 760 2251 nepotibus,
790 2188 908 2251 genere
940 2167 1109 2250 adfinibus,
1134 2169 1248 2251 quibus
1273 2219 1280 2232 .
1305 2220 1312 2232 .
1337 2170 1420 2233 domi

280 2274 406 2353 patrem
437 2270 612 2348 fratresque
640 2268 815 2351 reliqueris,
862 2268 1001 2333 Subleva
1034 2269 1251 2333 misericordia
1284 2274 1421 2334 aetatem

280 2371 471 2435 familiarem
498 2370 557 2433 tibi
587 2373 619 2432 et
640 2369 810 2452 patritamc
836 2420 843 2433 .
870 2420 876 2432 .
903 2419 909 2433 .
936 2371 963 2432 ‚⁷
993 2374 1025 2433 et
1053 2371 1251 2452 rescindas?8
1276 2421 1282 2433 .
1309 2421 1315 2434 .
1339 2372 1420 2435 inte-

280 2472 341 2534 rim
363 2471 411 2533 dis
436 2522 441 2533 .
468 2520 475 2533 .
498 2470 548 2533 vel
570 2473 658 2534 tutus
681 2491 753 2533 eum
775 2471 802 2534 si
824 2470 891 2534 vita
916 2520 922 2533 .
950 2520 956 2533 .
980 2470 1031 2533 vel
1052 2471 1140 2535 dolor·
1165 2522 1171 2535 .
1198 2520 1205 2535 .
1230 2473 1357 2535 decurio
1381 2523 1387 2535 .
1414 2522 1420 2535 .

282 2572 1422 2656 pec..te..meum..inte..neretqui..omnempro

163 2726 178 2736 .
282 2674 490 2755 ‹lecurionatu
518 2673 687 2755 pecuniam
715 2672 927 2756 dependisset.
974 2673 1042 2737 Sibi
1067 2723 1074 2736 .
1101 2724 1107 2735 .
1131 2674 1166 2736 ni
1189 2726 1195 2737 .
1220 2724 1226 2737 .
1251 2697 1344 2754 num,
1377 2673 1422 2736 fili

284 2824 290 2836 .
317 2824 323 2837 .
347 2775 382 2837 ni
407 2825 412 2837 .
437 2795 518 2857 quae
543 2825 548 2837 .
576 2824 582 2837 .
608 2824 614 2837 .
638 2773 765 2856 quidem
786 2774 948 2837 interdum
969 2774 1070 2838 facias
1095 2824 1101 2837 .
1128 2825 1134 2837 .
1160 2777 1189 2836 ‚⁹

284 2931 381 2938 ψ..-
393 2933 407 2937 ,7

367 3028 384 3063 a
402 3014 435 3063 In
452 3017 577 3078 marpine:
596 3010 708 3064 Homini
724 3011 802 3065 iuxta
818 3011 931 3064 interim
948 3012 988 3064 fit.

366 3095 384 3147 b
403 3098 437 3147 ln
454 3101 580 3163 margine:
599 3095 725 3164 Plerique
744 3095 780 3149 ad
799 3096 897 3164 cetera,
909 3093 1020 3148 UlSINI
1039 3138 1044 3148 .
1065 3139 1070 3148 .
1090 3095 1129 3148 NI
1147 3095 1211 3149 serii
1229 3124 1261 3134 —
1280 3096 1423 3161 carebant,

284 3180 333 3232 obt
353 3222 357 3230 .
379 3222 384 3231 .
406 3221 411 3230 .
430 3179 458 3231 ui
477 3196 550 3233 saev.
570 3180 761 3233 subornarent.
1029 3229 1031 3233 .

369 3267 434 3315 cIn
452 3269 576 3331 morpine:
596 3262 715 3315 Subleva
732 3262 856 3316 aetatem
872 3264 890 3316 f.
910 3264 929 3316 t.
950 3265 979 3317 et
996 3264 1061 3331 patr
1080 3304 1085 3316 .
1107 3307 1112 3315 .
1134 3307 1139 3316 .
1159 3283 1195 3318 m.

372 3473 383 3517 1
407 3465 507 3535 Incipit
529 3466 617 3518 altera
639 3466 774 3519 columna.
797 3496 830 3502 -
859 3464 932 3517 Num
953 3465 1000 3519 ille
1022 3466 1154 3520 Proculus
1172 3467 1208 3520 ad
1227 3484 1310 3533 quem
1329 3467 1423 3520 reseri-

285 3552 400 3619 pserunt
417 3549 473 3602 divi
490 3549 591 3603 fratres
610 3547 666 3617 dig.
686 3546 782 3601 XXVI.
802 3554 825 3602 5.
846 3555 895 3601 24?
925 3554 1018 3604 Maius.

370 3641 385 3686 2
404 3633 534 3702 Sequitur
553 3631 619 3686 eod.
637 3651 665 3702 p.
684 3639 742 3699 299,
762 3633 837 3686 cilius
855 3649 955 3687 novem
972 3632 1055 3703 primi
1072 3651 1165 3688 versus
1183 3635 1254 3690 erasi
1272 3637 1344 3689 sunt.

371 3725 386 3771 3
405 3717 470 3771 Cod.
490 3719 521 3770 ut
539 3717 627 3770 amico
646 3717 757 3785 quidem
775 3717 935 3771 videbatur:
955 3723 1126 3772 dicundisod.
1140 3725 1273 3774 uniendum
1288 3728 1424 3788 pauloni.

288 3843 376 3857 .....
391 3807 449 3855 inor
467 3813 491 3854 et
508 3806 604 3868 insert.
621 3842 626 3855 .
641 3841 646 3853 .
659 3800 815 3855 Particulae
829 3807 865 3855 ad
880 3802 966 3869 postr.
978 3801 1031 3855 litt.
1051 3819 1135 3871 aegre
1154 3803 1334 3871 distinguitur
1352 3806 1380 3858 et
1396 3805 1425 3856 in

284 3892 437 3955 premendum
459 3885 512 3938 litt.
533 3907 547 3938 a
566 3902 581 3938 e
600 3885 771 3939 correctione
790 3888 838 3939 est.
875 3884 964 3938 Maius
982 3885 1078 3939 scribit
1100 3888 1192 3954 [paulo
1210 3889 1327 3955 durilor,
1351 3888 1426 3955 quod

287 3988 343 4025 non
361 3969 461 4022 sufficit
479 3969 515 4023 ad
533 3968 653 4038 spatium
672 3969 845 4037 explendum.

371 4060 387 4106 4
404 4054 448 4108 Ita
464 4053 562 4108 Maius.
588 4053 632 4105 Du
648 4052 718 4106 Rieu
731 4070 746 4106 e
758 4051 886 4120 margine
905 4053 1061 4123 descripsit:
1080 4054 1191 4108 UISINI
1210 4098 1215 4108 .
1237 4099 1241 4108 .
1261 4056 1311 4109 NI:
1330 4057 1425 4124 itaque

288 4141 404 4192 fortasse
421 4138 548 4206 praestat
565 4142 612 4190 visi
628 4141 731 4190 minime.
850 4153 852 4159 ’

372 4228 387 4276 5
404 4221 525 4275 Ultimae
542 4220 653 4275 litterae
671 4221 793 4275 incertae
810 4221 885 4276 visae
904 4224 980 4288 sunt,
1001 4224 1062 4276 tum
1078 4224 1108 4275 in
1125 4225 1203 4277 textu
1225 4226 1286 4277 tum
1308 4224 1336 4277 in
1354 4242 1426 4278 mar

287 4306 360 4373 gine.
396 4304 486 4361 Maius
503 4310 598 4358 tamen
616 4303 717 4358 diserte
735 4306 858 4360 affirmat
875 4323 903 4360 se
921 4307 1039 4375 utroque
1061 4307 1122 4360 loco
1140 4307 1242 4376 legisse
1260 4309 1335 4376 quod
1353 4309 1425 4362 dedi.

373 4395 388 4442 6
405 4391 450 4444 Ita
466 4388 562 4443 Maius.
599 4388 710 4442 Amicus
728 4389 866 4443 distinxit:
884 4394 951 4444 tunc
968 4389 1064 4444 DOEN
1083 4434 1088 4444 .
1110 4434 1115 4444 .
1136 4434 1141 4444 .
1161 4392 1300 4448 DEOEUG).

373 4473 516 4527 IAmicus
533 4472 615 4526 vidit:
632 4480 754 4542 patritam
774 4517 779 4526 .
800 4519 804 4528 .
824 4475 851 4527 N
870 4518 875 4527 .
895 4473 935 4527 CS
955 4517 960 4527 .
982 4518 986 4527 .
1008 4516 1014 4531 .
1034 4518 1038 4527 .
1058 4475 1104 4527 ET
1123 4482 1263 4529 rescindas,

373 4561 388 4609 8
407 4556 538 4625 Sequitur
556 4557 621 4613 eod.
641 4576 670 4627 p.
689 4564 746 4613 298.

373 4648 389 4695 9
407 4642 450 4694 Ad
467 4643 549 4696 finem
567 4643 701 4712 epistulae
718 4643 789 4697 latet
806 4660 891 4696 unum
907 4642 1036 4709 verbum,
1059 4642 1133 4710 quod
1150 4643 1243 4712 legere
1266 4663 1321 4700 non
1339 4646 1426 4714 potui.

289 4728 322 4779 In
343 4725 422 4778 hiuus
445 4729 538 4780 autern
559 4726 681 4796 paginae
702 4729 859 4796 postremae
879 4726 985 4780 lacunis
1007 4727 1097 4781 latent
1120 4745 1212 4782 versus
1229 4729 1332 4782 XXIII:
1362 4747 1426 4782 narn

289 4826 370 4864 versu
389 4811 488 4877 quarto
507 4812 535 4863 et
552 4809 682 4864 vicesimo
700 4810 797 4880 incipit
815 4827 931 4878 sequens
949 4810 1075 4880 epistula.
1112 4816 1216 4870 Maiae·
