3300 5950
292 784 404 881 xrixrv
724 812 1004 868 eeouueomanr.

293 985 457 1069 disposuit.
503 985 618 1047 Eidem
632 983 830 1067 Eeksteinio‚
854 983 1017 1067 philologo
1040 983 1249 1064 nobilissimo,
1273 985 1374 1045 restat
1395 986 1434 1045 ut

292 1087 373 1149 hene
395 1086 532 1149 merenti
552 1086 667 1149 lubens
690 1085 812 1169 gratias
836 1105 939 1168 agam.
985 1082 1045 1158 Qui
1068 1105 1165 1168 quum
1187 1075 1270 1147 forte
1293 1083 1435 1145 audisset

291 1209 342 1250 me
364 1187 561 1252 Frontonem
583 1187 743 1250 editmum
765 1208 849 1269 esse,
874 1190 910 1249 ut
931 1185 1087 1248 Frontoni
1108 1184 1273 1267 prodesset
1295 1186 1328 1248 et
1349 1184 1434 1247 viros

292 1289 401 1351 doetos
424 1288 599 1371 obligaret,
623 1309 700 1351 nam
722 1310 773 1351 me
795 1288 923 1371 quidem
944 1309 1010 1350 non
1032 1288 1181 1367 noverat,
1206 1285 1290 1348 ultro
1312 1286 1436 1368 recepit

290 1390 458 1473 negotium
473 1388 673 1472 singulorum
687 1389 837 1452 foliorum
851 1387 1028 1471 specimina
1040 1386 1278 1450 accuratissime
1292 1387 1433 1471 legendi.

292 1488 454 1564 Quantum
477 1490 657 1553 ornamenti
674 1490 807 1553 editioni
829 1510 918 1552 meae
941 1510 979 1551 ex
1001 1486 1223 1551 humanissimi
1238 1488 1298 1551 viri
1320 1488 1435 1551 libera-

290 1590 383 1653 litate
406 1591 593 1672 accesserit,
617 1611 677 1674 ego
700 1592 775 1672 seio,
801 1590 856 1653 sed
878 1589 1013 1652 lectores
1034 1592 1145 1652 tamen
1168 1589 1324 1671 suspicari
1346 1591 1436 1671 pote-

290 1693 377 1754 runt.
409 1690 509 1774 Saepe
537 1701 588 1754 m'e
615 1692 746 1754 comiter
770 1691 936 1754 admonuit
958 1691 996 1753 de
1019 1711 1124 1753 errore
1146 1689 1203 1753 uel
1217 1688 1434 1774 negligentia3

292 1812 387 1875 saepe
408 1792 565 1855 indioavit
587 1792 731 1855 virorum,
754 1792 919 1854 doctarum
942 1791 1197 1872 emendationeS‚
1228 1811 1310 1873 quae
1339 1789 1434 1853 amici

291 1892 354 1955 mei
377 1892 580 1975 diligentiam
608 1896 640 1955 et
662 1913 766 1956 meam
788 1892 983 1976 effugerant3
1011 1890 1130 1953 multas
1158 1911 1283 1973 quoque
1310 1912 1435 1953 mecum

292 1994 539 2057 communicavit
568 1993 805 2057 emendationes
839 1995 871 2055 et
899 1993 1045 2056 doctrina
1072 1994 1105 2054 et
1133 1992 1257 2075 ingenii
1288 1992 1435 2055 aeumine

291 2094 447 2178 insignes.
480 2093 570 2172 Siout
586 2115 646 2177 ego
661 2094 816 2156 maximas
832 2094 1019 2157 Eeksteinio
1035 2114 1096 2176 ago
1111 2092 1276 2175 habeoque
1299 2092 1434 2175 gratias,

290 2195 387 2258 uelim
408 2195 544 2258 lectores
567 2216 690 2278 quoque
712 2194 864 2258 habeant.
1462 2189 1467 2198 '

375 2295 502 2359 Indices
525 2317 603 2378 quos
626 2296 748 2378 addidi,
772 2295 851 2359 Maii
874 2299 960 2359 sunt.
1005 2294 1177 2359 Praeterea
1198 2295 1234 2357 in
1255 2295 1320 2357 fine
1341 2293 1434 2357 tabu-

290 2395 356 2457 lam
376 2396 521 2459 invenies
536 2396 572 2459 in
587 2418 650 2479 qua
665 2397 864 2479 superiorum
882 2397 1057 2459 editionum
1079 2395 1219 2479 paginae
1234 2399 1308 2458 eum
1322 2381 1434 2459 nostra

264 2535 275 2547 ν
293 2487 536 2578 componuntur.

761 2618 964 2627 —a-——-

549 2727 886 2797 TESTIMONIA
923 2731 1180 2797 VETERUM

697 2848 756 2912 DE
777 2848 1026 2914 FRONTONE.

561 2985 597 3037 M.
616 2983 776 3038 Aurelius
800 2985 838 3038 de
856 2985 968 3038 Rebus
988 2983 1062 3037 Suis
1080 2985 1101 3050 I,
1121 2991 1160 3037 11.

375 3087 470 3165 Παρὰ
492 3088 702 3169 Φρόντωνος,
726 3088 764 3151 τὸ
787 3087 945 3163 ἐπιςτῆςαι
968 3086 1022 3151 οία
1043 3087 1062 3165 ἡ
1085 3088 1256 3165 τυραννικὴ
1282 3086 1432 3166 βαςκανία

295 3172 345 3234 καί
361 3170 521 3249 ὑπόκριςις
544 3174 594 3235 καὶ
617 3171 666 3236 ότι
689 3172 733 3236 ὡς
757 3172 875 3235 ἐπίπαν
898 3171 929 3234 οί
944 3171 1136 3249 καλούμενοι
1159 3170 1249 3235 οὗτοι
1264 3173 1344 3249 παρ’
1360 3171 1432 3249 ἡμῖν

294 3255 494 3333 Εὐπατρίδαι,
518 3255 744 3334 ἀςτοργότεροί
767 3278 838 3321 πως
861 3255 944 3320 εἰςιν.

660 3388 723 3441 Dio
748 3387 886 3442 Cassius
903 3387 998 3453 LXIX,
1019 3393 1059 3441 18.

377 3491 552 3568 Κορνήλιος
581 3491 738 3569 Φρόντων
767 3491 785 3554 ὁ
813 3491 853 3554 τὰ
881 3495 995 3569 πρῶτα
1015 3496 1081 3555 τῶν
1109 3491 1181 3555 τότε
1205 3491 1371 3569 Ῥωμαίων
1395 3491 1431 3556 ἐν

290 3573 388 3639 δίκαις
417 3575 614 3654 φερόμενος,
643 3575 778 3654 ἑςπέρας
806 3577 888 3639 ποτὲ
917 3574 1042 3656 βαθείας
1069 3573 1134 3639 ἀπὸ
1162 3576 1294 3641 δείπνου
1322 3575 1431 3640 οίκαδε

291 3659 433 3724 ἐπανιὼν
458 3660 509 3723 καὶ
531 3661 642 3737 μαθὼν
665 3660 753 3738 παρά
775 3680 871 3740 τινος,
897 3661 923 3742 ᾧ
947 3660 1171 3737 ςυνηγορήςειν
1194 3659 1363 3738 ὑπέςχητο,
1386 3665 1431 3723 δι-

289 3744 394 3809 κάζειν
417 3743 532 3824 αὐτόν,
563 3743 598 3806 ἕν
627 3764 660 3807 τε
683 3750 720 3826 τῇ
744 3747 839 3826 ςτολῇ
863 3749 900 3827 τῇ
924 3744 1104 3825 δειπνίτιδι,
1136 3743 1241 3821 ὥςπερ
1265 3743 1367 3823 εἶχεν,
1397 3745 1431 3808 ἐς

289 3829 326 3891 τὸ
349 3828 546 3905 δικαςτήριον
570 3827 670 3891 αὐτοῦ
693 3827 804 3905 ἐςῆλθε
821 3828 873 3890 καὶ
887 3829 1065 3909 ἠςπόιςατο,
1091 3829 1160 3892 οὔτι
1175 3849 1212 3903 γε
1234 3835 1280 3912 τῷ
1304 3829 1430 3910 ἑωθινῷ

289 3913 499 3992 προςρήματι,
523 3917 569 3994 τῷ
592 3915 697 3990 χαῖρε,
726 3912 809 3975 ἀλλὰ
831 3919 877 3995 τῷ
901 3913 1073 3995 ἑςπερινῷ,
1103 3919 1148 3997 τῷ
1173 3913 1292 3987 ὑγίαινε
1315 3914 1431 3992 χρηςόι-

289 4016 392 4074 μενος.

728 4079 819 4132 ldem
837 4079 931 4144 LXXI,
950 4086 990 4133 35.

374 4181 559 4257 Πάμπολλα
587 4181 651 4245 ὑπὸ
680 4181 824 4245 παιδείας
853 4182 1019 4262 ὠφελήθη,
1044 4182 1079 4246 ἔν
1102 4203 1136 4246 τε
1158 4185 1226 4246 τοῖς
1250 4182 1429 4261 ῥητορικοῖς

288 4267 324 4330 ἕν
346 4286 380 4330 τε
402 4269 469 4329 τοῖς
491 4265 525 4328 ἐκ
547 4265 742 4344 φιλοςοφίας
771 4265 881 4342 λόγοις
910 4265 1065 4343 ἀςκηθείς·
1101 4270 1167 4330 τῶν
1196 4268 1252 4343 μὲν
1281 4268 1343 4345 γὰρ
1370 4267 1428 4330 τόν

287 4371 321 4414 τε
344 4350 525 4427 Φρόντωνα
553 4350 610 4414 τὸν
639 4351 815 4429 Κορνήλιον
844 4352 894 4414 καὶ
922 4351 980 4413 τὸν
1008 4351 1152 4428 Ἡρώδην
1181 4351 1240 4413 τὸν
1271 4351 1429 4415 Κλαύδιον

288 4435 493 4499 διδαςκόιλους
516 4434 596 4512 εἶχε·
617 4437 683 4499 τῶν
707 4436 741 4497 δὲ
764 4435 823 4498 κτὲ.

567 4551 805 4603 Artemidorus
825 4550 863 4604 de
882 4532 1027 4604 Somniis
1045 4549 1091 4614 IV,
1109 4555 1149 4602 24.

373 4651 425 4716 Ὡς
453 4653 502 4715 καί
530 4653 688 4730 Φρόντων
718 4652 937 4731 θάρθριτικὸς
964 4652 1137 4730 θεραπείαν
1160 4653 1295 4731 αἰτήςας,
1317 4654 1429 4719 ἔδοξεν

287 4737 323 4801 ἐν
338 4739 405 4801 τοῖς
420 4738 619 4814 προαςτείοις
642 4741 827 4815 περιπατεῖν
849 4738 898 4799 καὶ
921 4737 1116 4814 πυρπολήςει
1138 4738 1335 4818 χρηςάμενος
1350 4758 1428 4816 παρ-

287 4822 427 4900 ηγορήθη
452 4821 583 4886 ἱκανῶς·
608 4821 652 4885 ὡς
673 4820 744 4885 ἰ’ςον
768 4820 850 4885 εἶναι
872 4821 910 4884 τὸ
932 4824 1036 4899 χρῆμα
1058 4823 1218 4905 θεραπείᾳ.
