3300 5950
290 792 331 855 36
501 788 537 841 Μ.
552 787 722 843 CORNELII
739 788 946 843 FRONTONIS
964 779 1220 844 EPISTULARUM

290 959 367 1022 alibi
404 959 552 1042 palantes
583 959 792 1044 balantesque
827 961 988 1024 oberrant.
1033 961 1149 1024 Pastor
1175 962 1300 1025 furcam
1332 963 1433 1025 intor-

289 1064 381 1144 quet,
403 1061 494 1125 furca
515 1062 551 1125 in
573 1063 723 1146 equitem,
748 1063 803 1146 qui
824 1084 876 1125 me
898 1063 1094 1145 sectabatur,
1118 1064 1214 1127 cadit.
1251 1062 1319 1127 Nos
1342 1064 1432 1127 aufu-

289 1163 405 1246 gimus.
451 1162 499 1226 Eo
521 1168 617 1246 pacto
640 1164 694 1247 qui
715 1164 897 1246 metuebat,
922 1186 963 1227 ne
986 1164 1074 1227 ovis¹
1098 1165 1278 1246 amitteret,
1306 1164 1433 1229 furcam

289 1265 437 1346 perdidit.
472 1264 628 1327 Fabulam
650 1265 857 1328 existimas2‘?
878 1287 929 1328 res
951 1287 1027 1329 vera
1049 1268 1107 1328 est.
1152 1264 1198 1327 At
1221 1266 1318 1328 etiam
1339 1253 1432 1348 plura

289 1366 411 1448 erant3,
442 1387 522 1448 quae
551 1366 590 1429 de
618 1388 656 1430 ea
678 1366 731 1430 re‘¹
753 1366 935 1448 scriberem,
969 1366 1033 1429 nisi
1063 1366 1129 1428 iam
1161 1387 1212 1428 me
1240 1367 1375 1430 nuntius
1397 1367 1432 1429 in

288 1466 439 1528 balneum
462 1470 645 1530 arcesseret.
681 1466 772 1549 Vale,
795 1468 840 1530 mi
862 1467 1016 1550 magister
1038 1465 1231 1548 dulcissime,
1260 1466 1431 1536 homo-ho-

288 1568 470 1631 nestissime
493 1571 525 1631 et
547 1568 719 1650 rarissime,
754 1569 895 1631 suavitas
917 1571 950 1631 et
973 1568 1090 1631 caritas
1120 1570 1152 1630 et
1178 1567 1326 1651 voluptas
1347 1591 1428 1631 mea.

643 1768 753 1835 XIII.
786 1769 960 1852 Magistro
981 1770 1069 1834 Meo.

374 1906 486 1970 Gratia
507 1907 612 1969 minor
644 1905 763 1969 efficit5
797 1907 880 1989 quod
903 1904 1016 1969 Gratia
1038 1905 1139 1967 maior
1160 1905 1255 1987 facit,
1283 1906 1339 1969 ut6
1369 1906 1429 1968 sol-

287 2008 487 2071 licitudinem
508 2010 652 2070 nostram
679 2006 730 2070 vel
757 2007 889 2069 interim
910 2006 1037 2069 minuat
1059 2005 1110 2069 vel
1131 2006 1197 2069 iam
1219 2007 1349 2069 omnino
1376 2008 1428 2069 de-

287 2112 414 2193 tergeat
431 2108 465 2191 17.
516 2108 588 2191 Ego
610 2107 670 2171 tibi
692 2108 731 2170 de
753 2111 892 2190 patrono
914 2128 985 2170 meo
1006 2106 1050 2169 M.
1074 2106 1188 2170 Porcio
1210 2108 1331 2191 gratias
1354 2129 1427 2192 ago,

288 2210 466 2293 quodcum
489 2208 599 2272 crebro
627 2207 764 2271 lectitas.
809 2208 859 2271 Tu
886 2208 966 2271 mihi
994 2209 1032 2271 de
1061 2207 1096 2272 C.
1127 2207 1240 2290 Crispo
1266 2208 1364 2272 timeo
1392 2212 1429 2271 ut

287 2332 438 2394 umquam
460 2310 583 2394 gratias
606 2331 701 2391 agere
723 2310 841 2392 possis,
864 2331 941 2372 nam
967 2311 1025 2372 uni
1051 2310 1096 2372 M.
1124 2308 1239 2373 Porcio
1265 2333 1316 2373 me
1343 2311 1427 2373 dedi-

288 2412 357 2475 cavi
379 2414 474 2493 atque
497 2411 650 2493 despondi
673 2413 768 2492 atque
790 2410 945 2494 delegavi.
976 2410 1047 2473 Hoc
1070 2411 1167 2474 etiam
1188 2412 1295 2493 ipsum
1316 2423 1428 2490 atque

287 2512 371 2575 unde
398 2510 517 2594 putas?
550 2533 589 2573 ex
617 2511 687 2593 ipso
714 2511 852 2573 furore⁸.
897 2510 1096 2575 Perendinus
1130 2512 1197 2575 dies
1223 2533 1313 2575 meus
1341 2512 1427 2575 dies⁹

287 2611 389 2675 festus
413 2612 483 2693 erit,
508 2611 535 2673 si
559 2613 644 2673 certe
667 2613 703 2673 tu
724 2611 825 2674 venis.

371 2711 462 2793 Vale,
487 2711 676 2774 amicissime
699 2713 914 2775 etrarissime
936 2713 1040 2795 homo,
1064 2714 1245 2777 dulcissime
1260 2715 1425 2798 magister.

286 2812 346 2898 Die
369 2815 499 2875 senatus
521 2811 648 2874 huius¹⁰
670 2814 774 2895 magis
796 2813 850 2875 hic
871 2812 980 2905 futuri¹
988 2836 1084 2897 quam
1101 2816 1207 2879 illuc¹¹
1233 2817 1360 2879 venturi
1381 2817 1425 2879 vi-

287 2914 406 2977 demur.
452 2911 513 2978 Sed
535 2916 705 2998 utrumque
731 2914 767 2977 in
790 2913 941 2998 ambiguo
963 2900 1027 2979 est.
1072 2916 1120 2980 Tu
1153 2917 1246 2980 modo
1274 2918 1425 3000 perendie

285 3017 360 3078 veni
376 3018 414 3108 ,et
435 3015 493 3081 fiat
513 3015 597 3098 quod
619 3014 695 3078 volt.
724 3013 855 3097 Semper
876 3015 920 3078 mi
943 3016 1024 3099 vale,
1048 3018 1174 3081 animus
1196 3040 1301 3100 meus,
1323 3021 1426 3080 mater

285 3138 356 3179 mea
377 3119 412 3179 te
432 3119 567 3200 tuosque
590 3116 719 3180 salutat.
1039 3124 1042 3126 ’

631 3300 729 3367 XIV.
761 3302 935 3386 Magistro
958 3299 1029 3369 Suo
1042 3305 1077 3369 ¹².

370 3438 419 3501 Tu
442 3458 514 3500 cum
536 3435 605 3500 sine
626 3459 677 3500 me
700 3459 744 3521 es,
763 3437 917 3503 Catonem
938 3438 1034 3522 legis:
1050 3443 1085 3502 at
1103 3461 1173 3524 ego,
1197 3461 1292 3523 quom
1307 3441 1424 3504 sinete

305 3695 312 3701 ἣ
372 3645 385 3691 1
403 3640 448 3692 Ita
465 3639 566 3692 Codex.

370 3729 385 3776 2
405 3723 470 3789 Cod.
489 3741 531 3791 pr.
550 3740 586 3776 m.
607 3729 743 3778 calatium.

370 3815 386 3861 3
404 3807 477 3860 Olim
493 3808 551 3859 tres
567 3806 678 3861 litterae
696 3824 801 3862 erasae.

371 3890 472 3944 40011.
491 3909 533 3959 pr.
553 3909 588 3944 m.
608 3912 668 3946 rem.

369 3981 385 4028 5
404 3973 483 4028 Cod.:
501 3981 598 4030 minore
614 3981 685 4042 fecit.
715 3976 817 4031 Maius:
836 3984 917 4033 maior
932 3984 1005 4045 secat.

369 4058 508 4113 ssCodex:
526 4071 560 4116 et.
596 4059 637 4113 De
654 4060 785 4115 hocloco
802 4062 1058 4117 itaButtmannus:
1085 4063 1146 4134 Ego
1170 4070 1283 4119 Gratiam
1305 4073 1422 4120 maiorem

285 4145 366 4199 deam
383 4144 516 4212 intelligo.
548 4142 627 4207 Quod
643 4144 714 4198 haec
730 4145 798 4199 facIt
814 4145 844 4199 in
860 4148 972 4213 mundo,
988 4148 1063 4201 idem
1079 4149 1129 4202 illa
1144 4149 1235 4202 minor
1252 4155 1331 4218 efficit
1348 4150 1423 4203 domi

285 4229 417 4284 Caesaris.
454 4227 556 4282 Orellio
578 4229 649 4282 haec
669 4229 741 4282 ratio
764 4229 900 4298 displicet.
939 4231 1075 4299 Equidem
1096 4234 1203 4299 ἐπέχωε
1229 4235 1325 4288 malim
1347 4237 1422 4289 certe

285 4331 347 4367 cum
363 4313 532 4366 Buttmanno
550 4317 652 4380 efficiet.

369 4405 383 4451 7
402 4395 502 4465 Incipit
519 4395 585 4450 Cod.
604 4397 731 4450 Ambros.
750 4416 777 4466 p.
792 4405 841 4454 105
859 4417 922 4453 oum
938 4400 1129 4469 inscriptione:
1147 4401 1309 4456 EPISTUL.
1321 4403 1370 4456 AD
1383 4403 1419 4456 M.

368 4487 384 4535 8
402 4482 446 4534 Ita
464 4479 565 4535 Codex.

368 4571 384 4618 9
403 4565 463 4618 Om.
481 4564 578 4618 Maius.

353 4657 384 4703 10
401 4650 455 4702 Pro
474 4653 545 4704 buius
563 4650 679 4704 Orellius
697 4651 858 4708 dubitanter
876 4653 999 4709 coniicit:
1018 4658 1115 4710 Idibus.

352 4737 381 4786 11
401 4734 445 4787 Ita
463 4732 568 4800 Codex;
585 4752 733 4806 perperam
749 4737 846 4794 Maius.

352 4824 383 4872 12
400 4819 445 4873 Ita
462 4817 555 4873 Codex
571 4819 652 4872 valde
669 4821 823 4891 perspicue.
