3300 5950
545 774 591 829 Vl.
629 774 741 831 INDEX
761 775 1099 833 ORTHOGRAPHIOUS.
1328 778 1389 842 281

285 962 312 1014 p.
338 950 399 1007 113,
422 944 627 999 Demosthenen
651 962 678 1014 p.
697 950 742 1010 28,
761 944 809 997 So·
856 946 974 1019 'sumtus
996 957 1022 999 et
1044 947 1168 1016 sumptus
1185 965 1212 1016 p.
1232 953 1276 1013 99,
1297 947 1393 1016 suplex

287 1029 394 1095 craten,
412 1029 579 1096 Polycraten
591 1048 618 1099 p.
633 1034 692 1095 143,
710 1028 809 1084 Ulixen
869 1039 894 1083 et
907 1030 1031 1099 supplex,
1044 1030 1177 1100 suplioavi
1195 1042 1220 1085 et
1233 1030 1394 1100 supplicavi,

285 1131 313 1181 p.
334 1117 378 1179 10,
396 1113 514 1168 Phidian
531 1132 559 1183 p.
578 1119 619 1168 28.
870 1114 973 1183 operiri
1001 1127 1026 1169 et
1053 1114 1175 1187 opperiri
1203 1121 1290 1170 eodem
1318 1134 1393 1169 sensu

253 1196 276 1249 O
296 1217 345 1250 uon
363 1203 467 1252 eliditur
483 1205 509 1253 in
522 1216 625 1267 magno
638 1215 734 1267 opere,
753 1216 808 1252 ma·
870 1206 1035 1268 expectandi.

287 1280 361 1334 ximo
380 1295 477 1349 opere,
496 1284 600 1351 quanto
616 1298 712 1352 opere,
729 1282 809 1337 tanto
835 1283 992 1338 Promissus
1008 1289 1130 1338 scribitur
1146 1291 1218 1353 apud
1232 1290 1393 1346 Praetorem,

287 1382 383 1434 opere,
409 1388 459 1435 pro
484 1383 668 1437 magnopere,
694 1366 808 1422 maxim-
867 1373 1024 1436 improbatur
1045 1374 1115 1437 apud
1144 1374 1300 1424 Victorinum
1318 1373 1393 1422 2457.

286 1468 369 1519 opere
384 1461 430 1506 etc.
463 1456 544 1506 Humi
559 1463 641 1505 retinen
653 1462 807 1507 constanter.
833 1452 955 1521 Porgere
976 1473 1026 1521 pro
1048 1454 1193 1523 porrigere
1216 1472 1244 1522 p.
1269 1459 1325 1508 196.
1350 1456 1392 1517 Cf.

253 1536 275 1589 Ο
293 1555 342 1603 pro
360 1554 391 1600 u,
409 1536 505 1605 tropos
519 1555 546 1605 p.
564 1542 624 1603 181,
643 1537 768 1591 coturnix
779 1556 805 1606 p.
868 1541 986 1592 Gorssen.
1006 1543 1116 1606 Ausspr.
1134 1538 1168 1592 II.
1188 1556 1215 1609 p.
1235 1543 1276 1592 49.

287 1625 343 1672 146.
369 1623 454 1686 Caper
470 1630 553 1675 tamen
567 1627 633 1675 2248
658 1626 746 1675 scribit
764 1639 807 1675 cu·
832 1621 972 1675 Prendere
982 1640 1010 1691 p.
1021 1627 1078 1688 156,
1097 1622 1300 1694 reprehendere
1312 1640 1339 1690 p.
1352 1627 1394 1687 44,

285 1704 385 1757 turnix.
405 1709 439 1771 cs.
460 1709 569 1760 Gorssen
587 1712 707 1776 Beth-ape
724 1723 751 1775 p.
767 1713 806 1760 17.
867 1706 1088 1776 reprenhendere
1109 1725 1136 1777 p.
1155 1713 1195 1760 44.
1214 1713 1255 1761 55.
1293 1710 1394 1761 istroru-

286 1788 388 1857 Volpes
414 1807 441 1857 p.
464 1796 506 1844 29.
530 1797 588 1844 225.
617 1796 682 1844 Vide
711 1797 742 1845 de
769 1795 808 1844 bis
871 1810 917 1859 que
935 1796 1088 1858 scripturam
1105 1797 1220 1859 apuoscii
1237 1796 1395 1858 Papirianae

288 1877 392 1926 Putscb.
410 1879 488 1940 2216,
511 1879 578 1929 2289
596 1886 620 1927 et
644 1878 745 1939 Quintil.
764 1875 811 1928 14
871 1880 946 1929 2291.
975 1878 1029 1929 Sed
1048 1874 1185 1943 prendere
1201 1880 1301 1928 uidetur
1316 1880 1396 1929 scribi

287 1963 302 2022 ξ
330 1963 368 2011 16.
399 1962 503 2027 Lonpus
528 1968 611 2012 tamen
631 1965 697 2013 2222
720 1970 809 2020 monet,
870 1964 1010 2027 elepantius
1019 1970 1045 2013 et
1054 1964 1210 2013 emendatius
1222 1963 1393 2027 torporata,

287 2052 393 2105 ueteres,
412 2048 486 2096 etiam
504 2062 557 2096 crum
572 2063 623 2110 per
635 2060 651 2096 0
663 2048 811 2109 scriberent,
870 2048 945 2098 2234.
972 2047 1011 2109 Cf.
1026 2048 1143 2100 Corssen.
1163 2047 1273 2112 Aasspr.
1286 2044 1298 2096 I
1310 2061 1338 2112 p.
1352 2049 1393 2097 51.

254 2136 257 2143 '
287 2147 335 2194 per
351 2145 369 2180 u
386 2137 469 2180 tomen
485 2133 661 2182 enuntiauisse.
688 2132 732 2181 Sic
749 2148 811 2196 erpo
837 2126 988 2182 Patricoles
1008 2147 1060 2195 pro
1076 2128 1221 2182 Patroclus
1240 2146 1268 2198 p.
1290 2134 1329 2181 14.
1355 2132 1395 2193 Cf.

287 2218 368 2278 infimo
386 2231 446 2265 aeuo
460 2210 578 2280 epistola
589 2216 748 2267 scribebatur
761 2234 812 2281 per
873 2216 989 2265 Oorssen.
1009 2216 1120 2279 Ausspr.
1139 2212 1159 2266 I.
1177 2231 1203 2282 p.
1221 2218 1279 2267 258.
1298 2217 1357 2265 296.

287 2312 312 2360 0,
323 2299 537 2363 pronuntiabatur
547 2317 598 2364 per
606 2316 631 2350 u.
643 2327 675 2337 -
690 2302 723 2364 cs.
734 2302 812 2352 Cars-
837 2297 975 2361 Quattuor
991 2306 1149 2363 constanter,
1168 2296 1358 2366 quattriduum
1370 2308 1396 2350 et

285 2400 331 2433 seu
344 2382 632 2449 AusspracbeIp.260.
646 2388 704 2437 398.
724 2386 811 2436 Flect-
872 2380 1050 2449 quatriduum
1076 2388 1177 2435 uariant
1202 2400 1229 2451 p.
1252 2388 1307 2435 136.
1336 2387 1393 2435 224.

286 2470 362 2518 eisen.
380 2470 491 2534 i'iinfzip
508 2470 611 2519 Artiket
627 2485 655 2535 p.
675 2473 713 2521 17.
871 2468 1027 2519 Fleckeisen.
1055 2470 1164 2535 Finfzip
1183 2469 1286 2520 Arraei
1307 2483 1334 2535 p.
1353 2472 1394 2519 25.
1491 2460 1496 2468 ’

253 2548 293 2602 00
309 2566 386 2615 prae
404 2549 578 2619 oboedirep.
596 2556 652 2605 134.
679 2555 719 2617 Cf.
735 2556 810 2607 Oors·
838 2548 928 2613 Quom
944 2554 1241 2618 comitatunssipnificans
1257 2557 1322 2621 p.4.
1338 2556 1395 2603 122.

285 2652 338 2687 sen.
350 2635 521 2703 Ausspr.Ip.
535 2640 591 2702 197,
604 2641 661 2689 294.
686 2638 811 2705 Beitrcipe
872 2639 930 2688 136.
950 2640 1007 2688 189.
1031 2637 1125 2687 Variat
1141 2652 1168 2705 p.
1189 2640 1229 2690 58.

285 2736 313 2785 p.
334 2723 389 2772 189.
427 2722 581 2773 Fleckeisen.
606 2724 715 2788 Fiiufzip
737 2725 811 2774 Aru-
837 2718 1018 2773 ltdetraltitur
1029 2734 1155 2789 prosum,
1167 2735 1278 2788 prosus,
1294 2737 1396 2784 rusum,
1444 2734 1452 2747 ⁸

285 2806 326 2856 iret
342 2820 369 2870 p.
389 2809 430 2858 22.
848 2820 963 2869 rusus,
984 2822 1012 2873 p.
1035 2808 1076 2857 88.
1103 2807 1159 2857 115.
1185 2810 1240 2859 155,
1271 2808 1326 2858 Sed
1347 2824 1396 2858 non

252 2887 292 2940 Oe
308 2906 401 2954 prou,
419 2887 538 2955 inpoene
552 2907 580 2958 p.
596 2894 655 2955 199,
676 2905 811 2943 commoe—
870 2906 971 2954 semper
992 2908 1018 2956 o..
1037 2908 1077 2955 pr.
1101 2907 1128 2957 p.
1148 2895 1189 2944 95.
1211 2893 1267 2943 191.
1286 2893 1326 2942 38.
1353 2892 1397 2941 Sic

286 2972 333 3025 nio
352 2991 379 3041 p.
399 2979 457 3026 228.
872 2975 1021 3024 Ρνὶεοίαιιιιε
1039 2977 1104 3026 2319
1123 2990 1230 3026 sursum
1253 2985 1278 3027 et
1295 2991 1395 3026 susum.

253 3055 295 3108 Ob
318 3076 367 3122 pro
389 3071 424 3124 op
449 3068 473 3109 et
495 3062 548 3109 uice
570 3076 657 3119 uersa,
681 3058 812 3112 obtabilis
871 3058 912 3121 Cf.
940 3060 1058 3110 Corssen.
1083 3061 1192 3125 Ausspr.
1214 3058 1226 3110 Ι
1248 3076 1275 3127 p.
1297 3063 1353 3124 117,
1371 3059 1397 3112 Il

287 3157 313 3207 p.
335 3144 378 3205 18,
398 3140 475 3192 obtio
487 3158 514 3208 p.
528 3145 575 3206 45,
594 3139 700 3208 opsidio
712 3160 740 3211 p.
753 3149 811 3209 297,
871 3157 899 3209 0.
918 3143 959 3194 43.

288 3223 451 3292 opsignatas
460 3243 486 3293 p.
501 3229 561 3290 134,
572 3225 706 3294 opstetrix
715 3244 742 3295 p.
755 3232 812 3293 124,
838 3222 870 3276 Ss
881 3243 931 3291 pro
943 3243 969 3291 z,
987 3224 1149 3294 gargarisso
1160 3245 1190 3296 p.
1202 3231 1246 3292 69,
1259 3247 1295 3281 ex
1307 3232 1395 3282 Nouio.

289 3308 480 3376 opstetricium
499 3327 527 3378 p.
549 3314 610 3375 148,
632 3310 760 3378 opterere
782 3330 809 3380 p.
872 3313 973 3376 Iieapse
990 3316 1142 3381 uetustiores
1161 3330 1240 3379 proz
1262 3317 1397 3378 scripsisse

289 3392 350 3458 166,
369 3391 495 3460 optinere
512 3411 540 3462 p.
561 3398 620 3458 136,
644 3395 765 3463 optingit
782 3414 809 3464 p.
872 3411 898 3446 ss
920 3397 1056 3466 observant
1079 3399 1180 3448 martius
1206 3401 1264 3449 Vol.
1283 3401 1349 3451 2289
1372 3408 1397 3450 et

287 3483 349 3542 239,
362 3476 530 3544 optrectatio
543 3495 570 3546 p.
584 3482 645 3544 2103
664 3489 747 3534 tumen
764 3480 811 3533 ob·
873 3481 998 3531 Cornutus
1012 3484 1087 3532 2286.
1112 3482 1216 3547 Lonpus
1235 3486 1396 3534 consentiit
1483 3509 1486 3512 ·

288 3560 346 3614 stiti
363 3579 389 3629 p.
413 3566 470 3614 214.
497 3565 536 3628 Of.
557 3566 675 3616 Gorssen.
698 3568 809 3631 Ausspr.
872 3573 947 3629 nepot
961 3581 1072 3629 prorsus
1084 3568 1204 3616 Latinam
1214 3584 1242 3618 se
1257 3585 1396 3632 opnoscere

287 3645 344 3714 Ip.
364 3651 406 3699 54.
871 3651 980 3699 litteram
1001 3665 1024 3698 z.
1049 3650 1090 3713 Cf.
1111 3651 1229 3702 Gorssen.
1254 3650 1395 3717 Aiesspr.l

183 3792 195 3802 θ
254 3730 390 3798 Odospro
404 3729 520 3784 odorere
533 3734 662 3785 Sallustio.
684 3736 811 3802 Antiquu—
870 3747 898 3797 0.
919 3734 980 3797 123,
998 3731 1024 3784 Π
1041 3749 1068 3799 p.
1088 3737 1146 3785 227.

288 3826 337 3868 tarn
367 3819 435 3869 ittam
458 3821 624 3869 desinentiam
650 3822 711 3870 dicit
735 3820 810 3882 Quin·
838 3811 856 3865 S
878 3819 1015 3868 redundat.
1038 3813 1130 3870 noscit
1150 3835 1178 3885 p.
1193 3822 1238 3884 51,
1268 3817 1399 3872 tussicula

290 3903 326 3952 til.
347 3899 358 3949 I
377 3904 401 3952 4.
871 3908 897 3951 et
911 3899 1030 3953 tusicula
1046 3909 1148 3955 sanant
1165 3920 1193 3971 p.
1211 3908 1250 3956 72.
1265 3908 1307 3956 99.
1331 3907 1398 3955 Item

253 3981 413 4043 Pausian,
437 3981 575 4051 temptare
600 4002 627 4053 p.
656 3990 701 4051 62,
728 3987 811 4054 pede·
872 3983 978 4037 exstitit
1000 3995 1025 4038 et
1047 3983 1147 4039 extitit.
1178 3990 1274 4039 Contra
1292 3985 1397 4039 diffisus

286 4065 416 4134 temptim
426 4084 453 4134 p.
463 4072 519 4120 133.
533 4067 689 4135 luppitoret
698 4070 811 4139 Iupiter,
871 4086 898 4137 p.
924 4073 973 4122 137
992 4087 1044 4135 pro
1061 4067 1188 4122 diffissus.
1214 4074 1252 4137 Cf.
1279 4075 1396 4125 Gorssen.

287 4149 681 4220 repperio-streperiovoriant.
696 4153 812 4223 Hiemps
876 4156 985 4219 Ausspr.
1004 4152 1016 4204 I
1033 4171 1061 4221 p.
1082 4157 1139 4207 116.
1160 4159 1216 4206 124.

287 4252 313 4302 p.
341 4239 385 4300 15,
407 4240 439 4288 dc
463 4255 512 4304 qua
538 4241 670 4304 scriptura
698 4243 812 4306 praeestis
840 4235 929 4302 Tpro
947 4253 974 4302 c,
992 4236 1077 4290 setius
1095 4248 1166 4290 recte
1183 4257 1232 4305 pro
1256 4237 1345 4293 secius
1369 4258 1396 4308 p.

289 4329 327 4371 est
354 4325 424 4386 apud
450 4323 573 4373 Scaurum
595 4326 670 4376 2256.
694 4327 759 4375 2261
788 4334 814 4376 et
872 4324 918 4384 963
941 4320 1033 4374 contio
1055 4322 1145 4389 pert,
1165 4321 1290 4376 condicio
1307 4342 1357 4390 per
1375 4341 1397 4388 c,

287 4408 358 4470 opud
368 4407 535 4471 Papirianum
543 4409 619 4458 2292.
642 4409 683 4472 Cf.
695 4411 812 4461 Corssen.
874 4414 990 4472 quantam
1011 4410 1119 4469 memini,
1148 4425 1248 4474 semper
1267 4411 1397 4462 scribitur.

289 4491 399 4555 Ausspr.
419 4488 431 4539 I
448 4505 476 4556 p.
496 4493 536 4542 51.
873 4491 909 4541 Et
930 4489 1050 4543 nuntius.
1081 4494 1121 4555 Of.
1146 4495 1264 4546 Gorssen.
1286 4496 1398 4560 Ausspr.

254 4571 276 4624 P
294 4576 449 4633 detrahitur,
468 4573 631 4640 paralemsis
652 4593 680 4644 0.
697 4579 744 4641 98,
767 4581 815 4629 sed
873 4572 886 4625 l
907 4591 934 4641 p.
959 4579 991 4625 22
1013 4593 1070 4643 sqq.
1098 4578 1223 4643 Beitrcipe
1244 4594 1271 4644 p.
1296 4584 1311 4629 5
1332 4596 1397 4645 300,

287 4655 470 4724 parulcmpsis
494 4674 522 4725 p.
550 4663 596 4723 99,
622 4658 758 4727 promtius
784 4678 811 4728 p.
875 4661 1021 4727 Nacurupe
1047 4677 1074 4727 p.
1094 4663 1126 4713 47
1145 4679 1200 4728 sqq.
1240 4664 1397 4714 ilecteisen.

289 4746 352 4805 235,
370 4739 506 4809 promtior
523 4759 551 4810 p.
572 4747 633 4808 109,
656 4749 703 4798 sect
722 4759 814 4812 prom·
874 4747 982 4810 29000
1001 4747 1105 4797 Artitei
1120 4761 1148 4812 p.
1170 4749 1209 4797 14.
1230 4750 1270 4798 28.

287 4824 428 4894 piissimus
439 4841 467 4893 p.
488 4831 549 4892 114,
567 4828 696 4897 prompte
714 4845 741 4896 p.
757 4833 813 4894 121,
841 4825 878 4879 Tt
895 4846 943 4894 pro
961 4829 986 4894 t,
1003 4826 1144 4897 friguttire
1160 4846 1186 4898 p.
1206 4833 1265 4895 146,
1283 4829 1382 4898 gluttir
