3300 5950
622 800 669 853 DE
687 800 802 853 BELLO
821 798 1010 852 PARTHICO.
1163 865 1167 872 .
1324 802 1387 864 219

247 972 394 1034 tenderat
417 970 485 1033 sine
508 970 681 1034 offensione
703 969 834 1052 potitus.
872 968 963 1032 Nihil
985 970 1019 1032 in
1043 974 1148 1033 aetate
1171 971 1300 1061 agunda
1315 970 1386 1033 duri

248 1075 303 1135 aut
325 1072 431 1135 acerbi
454 1074 602 1153 expertus
625 1092 692 1134 esse
715 1069 846 1133 dicitur:
870 1070 947 1153 quin
969 1071 1029 1134 sub
1046 1094 1160 1134 manus
1177 1074 1293 1136 cuncta
1308 1094 1386 1151 qsrac

247 1180 338 1237 aotam
359 1193 471 1256 prosus
493 1179 610 1251 redeptt
625 1176 747 1249 fuitque
769 1170 982 1251 beatissimus.
1029 1176 1139 1247 (letibus
1162 1179 1199 1236 de
1220 1179 1307 1236 rebus
1330 1194 1385 1235 rex
1467 1202 1470 1205 ·

248 1274 374 1338 Amasis
397 1274 577 1358 Aegyptius
600 1273 727 1356 sapiens
749 1272 1013 1336 fortunatissimis
1036 1273 1229 1356 consultus¹,
1258 1274 1385 1356 scriptis

246 1374 456 1439 familiaribus
484 1374 616 1457 litteris,
646 1373 755 1455 suasit,
779 1375 816 1436 ut
838 1374 1043 1457 semetipsum
1070 1374 1251 1438 voluntario
1279 1374 1386 1457 aliquo

246 1476 363 1540 damno
389 1476 541 1540 multaret
568 1461 666 1559 eoque
702 1474 809 1538 dolore
838 1482 969 1540 invidam
992 1497 1100 1540 numen
1131 1476 1302 1556 placarat
1347 1482 1387 1539 Ja

246 1599 313 1642 com
341 1600 401 1642 non
427 1582 624 1657 improbasset
648 1582 846 1656 <Polycrates,
888 1580 973 1653 sorte
1005 1584 1031 1641 ts
1056 1584 1088 1642 ta
1116 1598 1211 1642 aureo
1246 1576 1386 1640 habebat

246 1679 370 1762 anulo³,
399 1679 600 1762 manupretio
635 1679 786 1760 summm,
816 1677 900 1740 faeie
928 1678 1043 1741 eximia
1070 1678 1211 1762 lapidem
1243 1699 1385 1763 smarag-

246 1781 330 1843 dum.
361 1780 445 1843 ltum
459 1779 643 1865 Polycrates
659 1778 791 1862 anulum
813 1800 895 1841 nave
917 1778 1015 1861 longa
1037 1780 1071 1841 in
1095 1779 1195 1844 altum
1217 1782 1405 1863 provectus
1502 1777 1505 1785 ¹

245 1883 359 1964 sponte
392 1881 427 1944 in
458 1902 545 1943 mare
578 1879 712 1961 abiecit,
746 1879 830 1942 unde
869 1900 1042 1962 numquam
1072 1928 1079 1942 .
1105 1929 1112 1942 .
1138 1880 1167 1942 ,⁵
1195 1883 1383 1963 emergeret,

246 1982 326 2045 Tum
349 1982 433 2064 quod
455 1982 559 2045 sciens
582 1992 750 2063 sponteque
764 1986 798 2044 id
807 1983 947 2063 fecisset,
971 1980 1131 2043 abiectum
1153 1987 1277 2045 nautam
1298 1986 1386 2045 valde

246 2082 401 2146 dolebatss.
448 2088 523 2146 Mox
550 2087 697 2160 proadem
725 2088 841 2160 piscem
874 2081 1014 2164 piscator
1044 2078 1194 2168 [quidam]
1223 2080 1383 2165 aestuis

213 2247 217 2251 .
245 2184 416 2267 indignum
438 2182 527 2245 duxit
549 2182 589 2245 ad
610 2181 732 2246 venalis
754 2182 888 2263 deferre,
913 2182 968 2245 sed
990 2182 1144 2266 dignitati
1171 2204 1288 2265 parens
1315 2183 1384 2266 regi
1409 2254 1413 2258 ⁴

246 2284 372 2347 obtulit.
417 2283 486 2347 Rex
515 2286 645 2367 gratum
672 2285 900 2366 acceptumque
928 2282 1043 2346 habuit
1077 2281 1183 2369 [atque
1212 2284 1253 2346 ab
1280 2284 1384 2366 operis

247 2383 422 2471 salinariis]
461 2386 586 2467 apponi
611 2384 719 2448 iussit:
752 2405 833 2467 quae
868 2405 939 2447 cum
972 2384 1113 2467 piscem8
1147 2387 1384 2448 contractantes

246 2486 377 2549 anulum
400 2485 470 2550 alvo
492 2488 654 2569 repertum
676 2486 715 2548 ad
737 2506 846 2569 regem
869 2487 1046 2568 gaudentes
1072 2485 1264 2549 detulerunt.
1302 2485 1384 2549 Tum

244 2586 428 2669 Polycrates
453 2586 579 2650 litteras
608 2586 719 2650 ordine
748 2587 785 2650 de
814 2607 890 2650 casu
917 2589 950 2649 et
973 2587 1171 2670 postliminio
1199 2586 1286 2650 anuli
1314 2609 1383 2670 per-

244 2687 379 2751 scribtas
402 2687 442 2750 ad
464 2709 574 2771 regem
596 2687 740 2751 Amasim
767 2687 879 2751 mittit.
926 2687 1055 2751 Amasis
1077 2708 1231 2772 magnum
1259 2690 1291 2751 et
1318 2710 1383 2751 ma·

243 2792 350 2851 turum
385 2787 504 2851 malum
532 2787 693 2870 Polycrati
727 2789 911 2853 coniectans
940 2789 1114 2852 amicitiam
1146 2788 1382 2872 hospitiumque
1444 2875 1446 2877 Ι

243 2890 423 2971 renuntiat,
454 2891 490 2952 ut
517 2888 621 2953 alieno
648 2890 766 2972 potius,
801 2911 858 2952 suo
886 2911 983 2973 quam
1011 2890 1169 2972 hospitat
1202 2891 1258 2952 aut
1280 2889 1382 2953 amico

242 2991 406 3054 fortunam
429 2993 656 3054 commutatam
679 2990 747 3073 ipse
757 2991 780 3030 ¹⁰
803 2992 910 3054 minus
933 3013 1028 3076 aegre
1049 2992 1158 3055 ferret.

330 3234 342 3280 1
361 3226 536 3281 Heindorfius
551 3225 675 3294 supplet:
694 3223 751 3291 Cui,
770 3241 832 3279 cum
849 3230 894 3279 ereb
906 3246 993 3280 manae
1005 3237 1095 3280 cancta
1105 3246 1214 3295 prorem
1226 3231 1383 3282 beatissimas

244 3312 413 3380 redegisset,
436 3331 486 3365 rea
505 3316 606 3365 Amasis
624 3316 766 3378 Aeppptias
783 3316 902 3378 sapiens,
927 3311 1056 3366 fortunae
1073 3311 1268 3380 peritissimus,
1287 3319 1382 3365 consat-

242 3407 291 3459 tus,
307 3398 362 3451 ¹cet.

327 3487 342 3534 2
361 3479 547 3534 Heindorfius:
567 3498 645 3548 eoque
661 3484 748 3533 dolore
759 3478 873 3533 deorum
883 3477 933 3545 (ael
942 3469 1081 3546 fortunae)
1092 3479 1228 3548 effugeret
1241 3479 1381 3534 invidiam.

327 3565 392 3618 3ln
409 3563 459 3616 Ed.
478 3563 589 3616 Mediol.
609 3562 698 3616 Maius
722 3561 824 3616 diserte
846 3561 966 3615 testatur
987 3563 1045 3632 legi
1067 3563 1096 3616 in
1119 3562 1233 3618 Codice:
1264 3568 1383 3617 Habebat
1443 3553 1445 3556 ”

242 3649 341 3702 Darius
360 3655 442 3702 anulo.
478 3647 550 3700 Hine
566 3646 753 3700 Heindorfius:
783 3649 902 3699 Habebat
923 3666 1001 3700 aureo
1019 3653 1045 3699 in
1063 3654 1146 3702 anuto.
1182 3649 1214 3701 In
1231 3648 1281 3701 Ed.
1301 3649 1379 3701 Rom.

242 3731 311 3785 illud
328 3737 424 3785 Darius
442 3729 561 3785 evanuit.

326 3821 342 3869 4
361 3815 542 3884 Transposuit
557 3815 648 3869 'Maius
665 3814 733 3867 illud
751 3835 856 3880 canarno,
886 3815 960 3883 quod
983 3815 1012 3868 in
1034 3815 1133 3869 lacuna
1156 3815 1258 3870 alicubi
1279 3816 1382 3884 legitur

244 3901 309 3967 post
326 3904 492 3967 sarearapdam.

327 3988 343 4036 5
361 3981 464 4051 Supple
476 3999 561 4035 unum
573 3982 697 4037 verbum.
712 3987 805 4037 Maias.
819 3982 1005 4036 Heindorfius:
1024 3991 1090 4038 ande
1103 4006 1231 4054 aaaeqaam
1242 3985 1381 4038 videretur

243 4083 326 4135 posse
339 4085 475 4134 emerpere.

327 4154 342 4202 6
360 4147 544 4202 Heindorlius:
568 4153 627 4202 Tam
646 4155 714 4219 quaet
729 4157 812 4205 sciens
829 4161 968 4220 sponteque
981 4150 1130 4220 abiecerat,
1148 4158 1269 4209 abiectam
1285 4157 1381 4209 tamen

243 4237 352 4288 dolebat.
1408 4248 1411 4252 ’

328 4323 342 4371 7
360 4316 460 4387 Incipit
478 4317 543 4372 Cod.
563 4337 589 4387 p.
609 4324 667 4387 222,
687 4318 890 4373 obscurissima.
921 4319 1120 4389 Supplementa
1136 4322 1203 4377 Maii
1220 4324 1266 4376 hic
1283 4324 1380 4378 itidem

243 4418 374 4471 expressa
392 4403 455 4455 sunt
472 4401 572 4457 litteris
589 4402 700 4457 Italicis.
842 4453 844 4464 ,
994 4458 998 4463 ,

326 4484 406 4540 8Sio
427 4486 524 4540 Maius.
559 4486 598 4540 At
627 4485 732 4541 Codex:
760 4500 938 4557 acceptamque
960 4493 1044 4543 babuit
1069 4532 1313 4544 ..........
1332 4513 1380 4562 ap-

241 4576 304 4638 poni
322 4576 395 4624 iassit
413 4577 455 4639 qui
474 4613 479 4623 .
500 4611 506 4624 .
525 4576 559 4624 da
576 4576 689 4640 piscique
708 4577 825 4639 opertae
846 4614 1009 4627 .......
1030 4617 1035 4628 .
1055 4584 1253 4630 contrectantes,

326 4654 402 4708 elta
420 4652 485 4708 cod.
504 4673 545 4723 pr.
563 4671 599 4707 m.

311 4745 342 4831 lb
359 4737 496 4792 Vocabuli
517 4739 635 4807 vestigia
658 4742 803 4809 apparent.
834 4740 971 4795 Assumsit
991 4742 1080 4796 Maius
1099 4721 1285 4798 coniecturam
1301 4745 1378 4800 Butt-

241 4839 346 4875 manni.
