<?xml version="1.0" encoding="UTF-8"?>
<!DOCTYPE html PUBLIC "-//W3C//DTD XHTML 1.0 Transitional//EN"
    "http://www.w3.org/TR/xhtml1/DTD/xhtml1-transitional.dtd">
<html xmlns="http://www.w3.org/1999/xhtml" xml:lang="en" lang="en">
 <head>
  <title>
</title>
<meta http-equiv="Content-Type" content="text/html;charset=utf-8" />
  <meta name='ocr-system' content='tesseract 3.04.00' />
  <meta name='ocr-capabilities' content='ocr_page ocr_carea ocr_par ocr_line ocrx_word'/>
</head>
<body>
  <div class='ocr_page' id='page_1' title='image "./mcorneliifronto01frongoog_0267.png"; bbox 0 0 3300 5950; ppageno 0'>
   <div class='ocr_carea' id='block_1_1' title="bbox 589 781 1383 885">
    <p class='ocr_par' dir='ltr' id='par_1_1' title="bbox 589 781 1383 885">
     <span class='ocr_line' id='line_1_1' title="bbox 589 781 1383 885; baseline 0.021 -18"><span class='ocrx_word' id='word_1_1' title='bbox 589 815 637 868; x_wconf 78' lang='lat' dir='ltr'>Du</span> <span class='ocrx_word' id='word_1_2' title='bbox 655 814 772 868; x_wconf 84' lang='lat' dir='ltr'>FERIIS</span> <span class='ocrx_word' id='word_1_3' title='bbox 796 814 1034 869; x_wconf 82' lang='lat' dir='ltr'>ALSIENSIBUS.</span> <span class='ocrx_word' id='word_1_4' title='bbox 1320 781 1383 885; x_wconf 58' lang='grc'>221</span> 
     </span>
    </p>
   </div>
   <div class='ocr_carea' id='block_1_2' title="bbox 194 971 1430 3001">
    <p class='ocr_par' dir='ltr' id='par_1_2' title="bbox 194 971 1384 1477">
     <span class='ocr_line' id='line_1_2' title="bbox 244 971 1383 1071; baseline 0.002 -24"><span class='ocrx_word' id='word_1_5' title='bbox 244 971 360 1047; x_wconf 81' lang='lat' dir='ltr'>ferias¹</span> <span class='ocrx_word' id='word_1_6' title='bbox 385 983 550 1047; x_wconf 80' lang='lat' dir='ltr'>celebras?</span> <span class='ocrx_word' id='word_1_7' title='bbox 586 985 655 1071; x_wconf 85' lang='lat' dir='ltr'>Nec</span> <span class='ocrx_word' id='word_1_8' title='bbox 677 985 913 1068; x_wconf 77' lang='lat' dir='ltr'>Chrysippum³</span> <span class='ocrx_word' id='word_1_9' title='bbox 936 989 1026 1049; x_wconf 91' lang='lat' dir='ltr'>tuum</span> <span class='ocrx_word' id='word_1_10' title='bbox 1048 987 1230 1068; x_wconf 88' lang='lat' dir='ltr'>praeteribo</span> <span class='ocrx_word' id='word_1_11' title='bbox 1239 989 1260 1068; x_wconf 78' lang='lat'>²,</span> <span class='ocrx_word' id='word_1_12' title='bbox 1290 1008 1383 1071; x_wconf 90' lang='lat' dir='ltr'>quem</span> 
     </span>
     <span class='ocr_line' id='line_1_3' title="bbox 245 1087 1384 1172; baseline 0.004 -24"><span class='ocrx_word' id='word_1_13' title='bbox 245 1087 384 1169; x_wconf 73' lang='lat' dir='ltr'>quotidie</span> <span class='ocrx_word' id='word_1_14' title='bbox 407 1087 516 1150; x_wconf 85' lang='lat' dir='ltr'>ferunt</span> <span class='ocrx_word' id='word_1_15' title='bbox 538 1087 719 1151; x_wconf 79' lang='lat' dir='ltr'>madescere</span> <span class='ocrx_word' id='word_1_16' title='bbox 742 1087 871 1151; x_wconf 90' lang='lat' dir='ltr'>solitum</span> <span class='ocrx_word' id='word_1_17' title='bbox 879 1088 901 1151; x_wconf 81' lang='lat'>³.</span> <span class='ocrx_word' id='word_1_18' title='bbox 944 1088 987 1151; x_wconf 82' lang='lat' dir='ltr'>Et</span> <span class='ocrx_word' id='word_1_19' title='bbox 1014 1087 1165 1172; x_wconf 86' lang='lat' dir='ltr'>pleraque</span> <span class='ocrx_word' id='word_1_20' title='bbox 1190 1139 1197 1152; x_wconf 91' lang='lat'>.</span> <span class='ocrx_word' id='word_1_21' title='bbox 1223 1091 1251 1151; x_wconf 73' lang='lat'>‚⁴</span> <span class='ocrx_word' id='word_1_22' title='bbox 1274 1088 1384 1152; x_wconf 83' lang='grc'><strong>80011-</strong></span> 
     </span>
     <span class='ocr_line' id='line_1_4' title="bbox 245 1189 1383 1274; baseline 0.002 -23"><span class='ocrx_word' id='word_1_23' title='bbox 245 1189 333 1251; x_wconf 84' lang='lat' dir='ltr'>temb</span> <span class='ocrx_word' id='word_1_24' title='bbox 358 1238 365 1251; x_wconf 91' lang='lat'>.</span> <span class='ocrx_word' id='word_1_25' title='bbox 391 1190 420 1251; x_wconf 80' lang='lat'>.·&#39;‘</span> <span class='ocrx_word' id='word_1_26' title='bbox 442 1210 481 1253; x_wconf 82' lang='lat' dir='ltr'>ex</span> <span class='ocrx_word' id='word_1_27' title='bbox 504 1190 736 1253; x_wconf 72' lang='lat' dir='ltr'>Socraticorum</span> <span class='ocrx_word' id='word_1_28' title='bbox 765 1190 934 1273; x_wconf 92' lang='lat' dir='ltr'>sumposiis</span> <span class='ocrx_word' id='word_1_29' title='bbox 963 1193 995 1252; x_wconf 93' lang='lat' dir='ltr'>et</span> <span class='ocrx_word' id='word_1_30' title='bbox 1017 1190 1152 1274; x_wconf 84' lang='lat' dir='ltr'>dialogis</span> <span class='ocrx_word' id='word_1_31' title='bbox 1183 1194 1215 1254; x_wconf 91' lang='lat' dir='ltr'>et</span> <span class='ocrx_word' id='word_1_32' title='bbox 1238 1190 1383 1273; x_wconf 77' lang='lat' dir='ltr'>epistulis</span> 
     </span>
     <span class='ocr_line' id='line_1_5' title="bbox 194 1285 1384 1355; baseline 0.002 -3"><span class='ocrx_word' id='word_1_33' title='bbox 194 1286 195 1289; x_wconf 46' lang='lat'>&#39;</span> <span class='ocrx_word' id='word_1_34' title='bbox 245 1291 405 1353; x_wconf 81' lang='lat' dir='ltr'>existimes</span> <span class='ocrx_word' id='word_1_35' title='bbox 428 1292 590 1355; x_wconf 89' lang='lat' dir='ltr'>hominem</span> <span class='ocrx_word' id='word_1_36' title='bbox 612 1291 748 1354; x_wconf 90' lang='lat' dir='ltr'>multum</span> <span class='ocrx_word' id='word_1_37' title='bbox 765 1292 881 1355; x_wconf 89' lang='lat' dir='ltr'>scitum</span> <span class='ocrx_word' id='word_1_38' title='bbox 904 1294 936 1355; x_wconf 88' lang='lat' dir='ltr'>et</span> <span class='ocrx_word' id='word_1_39' title='bbox 956 1285 1097 1354; x_wconf 73' lang='lat' dir='ltr'>facetum</span> <span class='ocrx_word' id='word_1_40' title='bbox 1119 1292 1228 1355; x_wconf 84' lang='lat' dir='ltr'>fuisse.</span> <span class='ocrx_word' id='word_1_41' title='bbox 1274 1291 1384 1355; x_wconf 82' lang='grc'><strong>80010-</strong></span> 
     </span>
     <span class='ocr_line' id='line_1_6' title="bbox 244 1392 1309 1477; baseline 0.003 -24"><span class='ocrx_word' id='word_1_42' title='bbox 244 1394 310 1454; x_wconf 88' lang='lat' dir='ltr'>tem</span> <span class='ocrx_word' id='word_1_43' title='bbox 331 1393 499 1477; x_wconf 85' lang='lat' dir='ltr'>intelleges</span> <span class='ocrx_word' id='word_1_44' title='bbox 522 1394 677 1476; x_wconf 88' lang='lat' dir='ltr'>Aspasiae</span> <span class='ocrx_word' id='word_1_45' title='bbox 701 1392 901 1475; x_wconf 88' lang='lat' dir='ltr'>discipulum‚</span> <span class='ocrx_word' id='word_1_46' title='bbox 926 1392 1087 1456; x_wconf 84' lang='lat' dir='ltr'>Alcibiadi</span> <span class='ocrx_word' id='word_1_47' title='bbox 1109 1394 1309 1477; x_wconf 87' lang='lat' dir='ltr'>magistrum.</span> 
     </span>
    </p>

    <p class='ocr_par' dir='ltr' id='par_1_3' title="bbox 242 1494 1385 2389">
     <span class='ocr_line' id='line_1_7' title="bbox 328 1494 1385 1577; baseline -0.001 -20"><span class='ocrx_word' id='word_1_48' title='bbox 328 1494 398 1557; x_wconf 92' lang='lat' dir='ltr'>Iam</span> <span class='ocrx_word' id='word_1_49' title='bbox 420 1494 447 1557; x_wconf 89' lang='lat' dir='ltr'>si</span> <span class='ocrx_word' id='word_1_50' title='bbox 469 1494 586 1558; x_wconf 91' lang='lat' dir='ltr'>bellum</span> <span class='ocrx_word' id='word_1_51' title='bbox 609 1494 743 1557; x_wconf 87' lang='lat' dir='ltr'>indixtei</span> <span class='ocrx_word' id='word_1_52' title='bbox 766 1494 849 1572; x_wconf 78' lang='lat' dir='ltr'>ludo,</span> <span class='ocrx_word' id='word_1_53' title='bbox 872 1494 947 1577; x_wconf 92' lang='lat' dir='ltr'>otio,</span> <span class='ocrx_word' id='word_1_54' title='bbox 971 1494 1123 1576; x_wconf 74' lang='lat' dir='ltr'>satietati,</span> <span class='ocrx_word' id='word_1_55' title='bbox 1152 1494 1326 1577; x_wconf 89' lang='lat' dir='ltr'>voluptati,</span> <span class='ocrx_word' id='word_1_56' title='bbox 1351 1497 1385 1557; x_wconf 92' lang='lat' dir='ltr'>at</span> 
     </span>
     <span class='ocr_line' id='line_1_8' title="bbox 243 1595 1384 1680; baseline 0 -23"><span class='ocrx_word' id='word_1_57' title='bbox 243 1599 279 1657; x_wconf 91' lang='lat' dir='ltr'>tu</span> <span class='ocrx_word' id='word_1_58' title='bbox 302 1596 403 1658; x_wconf 90' lang='lat' dir='ltr'>dormi</span> <span class='ocrx_word' id='word_1_59' title='bbox 426 1596 538 1659; x_wconf 87' lang='lat' dir='ltr'>saltem</span> <span class='ocrx_word' id='word_1_60' title='bbox 561 1599 718 1680; x_wconf 89' lang='lat' dir='ltr'>quantum</span> <span class='ocrx_word' id='word_1_61' title='bbox 746 1596 846 1659; x_wconf 93' lang='lat' dir='ltr'>libero</span> <span class='ocrx_word' id='word_1_62' title='bbox 872 1595 994 1659; x_wconf 89' lang='lat' dir='ltr'>homini</span> <span class='ocrx_word' id='word_1_63' title='bbox 1017 1596 1095 1659; x_wconf 89' lang='lat' dir='ltr'>satis</span> <span class='ocrx_word' id='word_1_64' title='bbox 1118 1599 1176 1659; x_wconf 89' lang='lat' dir='ltr'>est.</span> <span class='ocrx_word' id='word_1_65' title='bbox 1222 1595 1384 1659; x_wconf 84' lang='lat' dir='ltr'>Intensius</span> 
     </span>
     <span class='ocr_line' id='line_1_9' title="bbox 245 1697 1383 1781; baseline 0.001 -22"><span class='ocrx_word' id='word_1_66' title='bbox 245 1697 284 1759; x_wconf 91' lang='lat' dir='ltr'>ad</span> <span class='ocrx_word' id='word_1_67' title='bbox 318 1719 497 1781; x_wconf 88' lang='lat' dir='ltr'>supremam</span> <span class='ocrx_word' id='word_1_68' title='bbox 591 1700 625 1760; x_wconf 93' lang='lat' dir='ltr'>in</span> <span class='ocrx_word' id='word_1_69' title='bbox 650 1748 657 1761; x_wconf 91' lang='lat'>.</span> <span class='ocrx_word' id='word_1_70' title='bbox 683 1748 690 1761; x_wconf 93' lang='lat'>.</span> <span class='ocrx_word' id='word_1_71' title='bbox 722 1699 761 1761; x_wconf 87' lang='lat' dir='ltr'>ad</span> <span class='ocrx_word' id='word_1_72' title='bbox 794 1698 944 1761; x_wconf 78' lang='lat' dir='ltr'>luminis⁶</span> <span class='ocrx_word' id='word_1_73' title='bbox 973 1748 981 1760; x_wconf 90' lang='lat'>.</span> <span class='ocrx_word' id='word_1_74' title='bbox 1011 1747 1018 1761; x_wconf 88' lang='lat'>.</span> <span class='ocrx_word' id='word_1_75' title='bbox 1051 1747 1058 1761; x_wconf 93' lang='lat'>.</span> <span class='ocrx_word' id='word_1_76' title='bbox 1116 1698 1171 1760; x_wconf 91' lang='lat' dir='ltr'>An</span> <span class='ocrx_word' id='word_1_77' title='bbox 1197 1698 1329 1760; x_wconf 88' lang='lat' dir='ltr'>tandem</span> <span class='ocrx_word' id='word_1_78' title='bbox 1357 1698 1383 1760; x_wconf 92' lang='lat' dir='ltr'>si</span> 
     </span>
     <span class='ocr_line' id='line_1_10' title="bbox 243 1799 1385 1883; baseline -0.002 -21"><span class='ocrx_word' id='word_1_79' title='bbox 243 1800 353 1883; x_wconf 83' lang='lat' dir='ltr'>ignem</span> <span class='ocrx_word' id='word_1_80' title='bbox 375 1800 413 1862; x_wconf 91' lang='lat' dir='ltr'>de</span> <span class='ocrx_word' id='word_1_81' title='bbox 437 1800 525 1862; x_wconf 90' lang='lat' dir='ltr'>caclo</span> <span class='ocrx_word' id='word_1_82' title='bbox 547 1820 641 1862; x_wconf 90' lang='lat' dir='ltr'>nemo</span> <span class='ocrx_word' id='word_1_83' title='bbox 663 1799 888 1882; x_wconf 88' lang='lat' dir='ltr'>surrupuisset,</span> <span class='ocrx_word' id='word_1_84' title='bbox 913 1799 960 1861; x_wconf 89' lang='lat' dir='ltr'>sol</span> <span class='ocrx_word' id='word_1_85' title='bbox 982 1821 1048 1861; x_wconf 90' lang='lat' dir='ltr'>non</span> <span class='ocrx_word' id='word_1_86' title='bbox 1071 1803 1155 1861; x_wconf 88' lang='lat' dir='ltr'>esset</span> <span class='ocrx_word' id='word_1_87' title='bbox 1169 1799 1229 1862; x_wconf 87' lang='lat' dir='ltr'>tibi</span> <span class='ocrx_word' id='word_1_88' title='bbox 1249 1800 1328 1861; x_wconf 89' lang='lat' dir='ltr'>satis</span> <span class='ocrx_word' id='word_1_89' title='bbox 1345 1799 1385 1861; x_wconf 89' lang='lat' dir='ltr'>ad</span> 
     </span>
     <span class='ocr_line' id='line_1_11' title="bbox 243 1899 1384 1983; baseline 0 -20"><span class='ocrx_word' id='word_1_90' title='bbox 243 1899 473 1964; x_wconf 80' lang='lat' dir='ltr'>iudicandum?</span> <span class='ocrx_word' id='word_1_91' title='bbox 494 1900 562 1964; x_wconf 82' lang='lat' dir='ltr'>Ne⁷</span> <span class='ocrx_word' id='word_1_92' title='bbox 580 1923 651 1964; x_wconf 92' lang='lat' dir='ltr'>cum</span> <span class='ocrx_word' id='word_1_93' title='bbox 667 1902 775 1964; x_wconf 90' lang='lat' dir='ltr'>animo</span> <span class='ocrx_word' id='word_1_94' title='bbox 798 1904 853 1963; x_wconf 94' lang='lat' dir='ltr'>tuo</span> <span class='ocrx_word' id='word_1_95' title='bbox 876 1903 1004 1983; x_wconf 88' lang='lat' dir='ltr'>reputes</span> <span class='ocrx_word' id='word_1_96' title='bbox 1028 1899 1188 1963; x_wconf 87' lang='lat' dir='ltr'>cotidiano</span> <span class='ocrx_word' id='word_1_97' title='bbox 1210 1902 1242 1963; x_wconf 88' lang='lat' dir='ltr'>te</span> <span class='ocrx_word' id='word_1_98' title='bbox 1256 1901 1384 1963; x_wconf 88' lang='lat' dir='ltr'>menda-</span> 
     </span>
     <span class='ocr_line' id='line_1_12' title="bbox 245 2000 1384 2086; baseline -0.001 -21"><span class='ocrx_word' id='word_1_99' title='bbox 245 2002 293 2065; x_wconf 91' lang='lat' dir='ltr'>cio</span> <span class='ocrx_word' id='word_1_100' title='bbox 317 2003 486 2086; x_wconf 79' lang='lat' dir='ltr'>adstringi,</span> <span class='ocrx_word' id='word_1_101' title='bbox 517 2023 589 2065; x_wconf 91' lang='lat' dir='ltr'>cum</span> <span class='ocrx_word' id='word_1_102' title='bbox 616 2005 648 2065; x_wconf 90' lang='lat' dir='ltr'>te</span> <span class='ocrx_word' id='word_1_103' title='bbox 678 2003 762 2065; x_wconf 90' lang='lat' dir='ltr'>diem</span> <span class='ocrx_word' id='word_1_104' title='bbox 785 2000 963 2085; x_wconf 85' lang='lat' dir='ltr'>cognitioni</span> <span class='ocrx_word' id='word_1_105' title='bbox 985 2002 1060 2064; x_wconf 90' lang='lat' dir='ltr'>dare</span> <span class='ocrx_word' id='word_1_106' title='bbox 1084 2001 1131 2064; x_wconf 87' lang='lat' dir='ltr'>ais</span> <span class='ocrx_word' id='word_1_107' title='bbox 1158 2004 1191 2064; x_wconf 91' lang='lat' dir='ltr'>et</span> <span class='ocrx_word' id='word_1_108' title='bbox 1212 2004 1306 2064; x_wconf 90' lang='lat' dir='ltr'>nocte</span> <span class='ocrx_word' id='word_1_109' title='bbox 1336 2022 1384 2064; x_wconf 93' lang='lat' dir='ltr'>co-</span> 
     </span>
     <span class='ocr_line' id='line_1_13' title="bbox 243 2102 1385 2187; baseline 0 -22"><span class='ocrx_word' id='word_1_110' title='bbox 243 2104 434 2187; x_wconf 55' lang='grc' dir='ltr'><strong>11001οἾ3,</strong></span> <span class='ocrx_word' id='word_1_111' title='bbox 458 2106 546 2167; x_wconf 80' lang='grc'>11119</span> <span class='ocrx_word' id='word_1_112' title='bbox 569 2104 634 2173; x_wconf 84' lang='lat' dir='ltr'>sive</span> <span class='ocrx_word' id='word_1_113' title='bbox 658 2106 849 2167; x_wconf 86' lang='lat' dir='ltr'>condemnes</span> <span class='ocrx_word' id='word_1_114' title='bbox 877 2103 944 2166; x_wconf 89' lang='lat' dir='ltr'>sive</span> <span class='ocrx_word' id='word_1_115' title='bbox 973 2102 1118 2166; x_wconf 89' lang='lat' dir='ltr'>absolvas</span> <span class='ocrx_word' id='word_1_116' title='bbox 1140 2102 1278 2166; x_wconf 85' lang='lat' dir='ltr'>mendax</span> <span class='ocrx_word' id='word_1_117' title='bbox 1299 2103 1385 2165; x_wconf 89' lang='lat' dir='ltr'>futu-</span> 
     </span>
     <span class='ocr_line' id='line_1_14' title="bbox 243 2203 1383 2288; baseline -0.001 -22"><span class='ocrx_word' id='word_1_118' title='bbox 243 2226 307 2266; x_wconf 88' lang='lat' dir='ltr'>rus.</span> <span class='ocrx_word' id='word_1_119' title='bbox 354 2204 387 2268; x_wconf 82' lang='lat' dir='ltr'>si</span> <span class='ocrx_word' id='word_1_120' title='bbox 409 2205 590 2288; x_wconf 88' lang='lat' dir='ltr'>quempiam</span> <span class='ocrx_word' id='word_1_121' title='bbox 620 2205 830 2285; x_wconf 86' lang='lat' dir='ltr'>condemnas,</span> <span class='ocrx_word' id='word_1_122' title='bbox 863 2225 974 2283; x_wconf 83' lang='lat' dir='ltr'>purum</span> <span class='ocrx_word' id='word_1_123' title='bbox 1001 2212 1117 2269; x_wconf 78' lang='lat' dir='ltr'>cavisse</span> <span class='ocrx_word' id='word_1_124' title='bbox 1145 2210 1264 2268; x_wconf 77' lang='lat' dir='ltr'>uidetur</span> <span class='ocrx_word' id='word_1_125' title='bbox 1273 2204 1298 2244; x_wconf 85' lang='lat'>¹⁰</span> <span class='ocrx_word' id='word_1_126' title='bbox 1326 2203 1383 2265; x_wconf 80' lang='lat' dir='ltr'>aia.</span> 
     </span>
     <span class='ocr_line' id='line_1_15' title="bbox 242 2304 1382 2389; baseline 0.001 -22"><span class='ocrx_word' id='word_1_127' title='bbox 242 2304 331 2368; x_wconf 89' lang='lat' dir='ltr'>lstuc</span> <span class='ocrx_word' id='word_1_128' title='bbox 353 2306 490 2389; x_wconf 87' lang='lat' dir='ltr'>quidem,</span> <span class='ocrx_word' id='word_1_129' title='bbox 524 2308 549 2370; x_wconf 92' lang='lat' dir='ltr'>si</span> <span class='ocrx_word' id='word_1_130' title='bbox 578 2306 727 2371; x_wconf 88' lang='lat' dir='ltr'>lucernae</span> <span class='ocrx_word' id='word_1_131' title='bbox 755 2309 988 2389; x_wconf 81' lang='lat' dir='ltr'>removeantur,</span> <span class='ocrx_word' id='word_1_132' title='bbox 1019 2306 1101 2370; x_wconf 93' lang='lat' dir='ltr'>nihil</span> <span class='ocrx_word' id='word_1_133' title='bbox 1130 2306 1230 2369; x_wconf 85' lang='lat' dir='ltr'>videri</span> <span class='ocrx_word' id='word_1_134' title='bbox 1253 2307 1382 2388; x_wconf 85' lang='lat' dir='ltr'>poterit.</span> 
     </span>
    </p>

    <p class='ocr_par' dir='ltr' id='par_1_4' title="bbox 243 2397 1423 2593">
     <span class='ocr_line' id='line_1_16' title="bbox 327 2397 1382 2492; baseline -0.001 -22"><span class='ocrx_word' id='word_1_135' title='bbox 327 2407 373 2471; x_wconf 91' lang='lat' dir='ltr'>At</span> <span class='ocrx_word' id='word_1_136' title='bbox 393 2411 429 2471; x_wconf 90' lang='lat' dir='ltr'>tu</span> <span class='ocrx_word' id='word_1_137' title='bbox 451 2409 581 2472; x_wconf 90' lang='lat' dir='ltr'>obsecro</span> <span class='ocrx_word' id='word_1_138' title='bbox 603 2409 653 2472; x_wconf 85' lang='lat' dir='ltr'>vel</span> <span class='ocrx_word' id='word_1_139' title='bbox 674 2409 743 2472; x_wconf 91' lang='lat' dir='ltr'>ioco</span> <span class='ocrx_word' id='word_1_140' title='bbox 765 2408 814 2471; x_wconf 88' lang='lat' dir='ltr'>vel</span> <span class='ocrx_word' id='word_1_141' title='bbox 838 2397 919 2471; x_wconf 86' lang='lat' dir='ltr'>serio</span> <span class='ocrx_word' id='word_1_142' title='bbox 941 2411 974 2470; x_wconf 87' lang='lat' dir='ltr'>te</span> <span class='ocrx_word' id='word_1_143' title='bbox 997 2408 1119 2492; x_wconf 85' lang='lat' dir='ltr'>exorari</span> <span class='ocrx_word' id='word_1_144' title='bbox 1142 2430 1161 2470; x_wconf 92' lang='lat' dir='ltr'>a</span> <span class='ocrx_word' id='word_1_145' title='bbox 1188 2429 1239 2470; x_wconf 90' lang='lat' dir='ltr'>me</span> <span class='ocrx_word' id='word_1_146' title='bbox 1261 2411 1382 2490; x_wconf 86' lang='lat' dir='ltr'>patere,</span> 
     </span>
     <span class='ocr_line' id='line_1_17' title="bbox 243 2510 1423 2593; baseline -0.001 -20"><span class='ocrx_word' id='word_1_147' title='bbox 243 2532 284 2573; x_wconf 91' lang='lat' dir='ltr'>ne</span> <span class='ocrx_word' id='word_1_148' title='bbox 306 2512 339 2573; x_wconf 92' lang='lat' dir='ltr'>te</span> <span class='ocrx_word' id='word_1_149' title='bbox 362 2532 472 2573; x_wconf 89' lang='lat' dir='ltr'>somno</span> <span class='ocrx_word' id='word_1_150' title='bbox 495 2510 661 2573; x_wconf 87' lang='lat' dir='ltr'>defraudes</span> <span class='ocrx_word' id='word_1_151' title='bbox 683 2511 792 2593; x_wconf 91' lang='lat' dir='ltr'>utique</span> <span class='ocrx_word' id='word_1_152' title='bbox 814 2510 968 2573; x_wconf 88' lang='lat' dir='ltr'>terminos</span> <span class='ocrx_word' id='word_1_153' title='bbox 995 2510 1058 2573; x_wconf 92' lang='lat' dir='ltr'>diei</span> <span class='ocrx_word' id='word_1_154' title='bbox 1086 2511 1119 2572; x_wconf 88' lang='lat' dir='ltr'>et</span> <span class='ocrx_word' id='word_1_155' title='bbox 1140 2510 1244 2573; x_wconf 91' lang='lat' dir='ltr'>noctis</span> <span class='ocrx_word' id='word_1_156' title='bbox 1267 2531 1383 2573; x_wconf 79' lang='lat' dir='ltr'>serves,</span> <span class='ocrx_word' id='word_1_157' title='bbox 1404 2551 1423 2590; x_wconf 61' lang='lat' dir='ltr'><em>f</em></span> 
     </span>
    </p>

    <p class='ocr_par' dir='ltr' id='par_1_5' title="bbox 242 2610 1430 3001">
     <span class='ocr_line' id='line_1_18' title="bbox 328 2610 1430 2695; baseline 0 -23"><span class='ocrx_word' id='word_1_158' title='bbox 328 2610 435 2695; x_wconf 86' lang='lat' dir='ltr'>Agere</span> <span class='ocrx_word' id='word_1_159' title='bbox 463 2611 501 2674; x_wconf 92' lang='lat' dir='ltr'>de</span> <span class='ocrx_word' id='word_1_160' title='bbox 523 2611 640 2674; x_wconf 93' lang='lat' dir='ltr'>finibus</span> <span class='ocrx_word' id='word_1_161' title='bbox 669 2611 780 2675; x_wconf 84' lang='lat' dir='ltr'>du0s¹¹</span> <span class='ocrx_word' id='word_1_162' title='bbox 813 2610 914 2674; x_wconf 89' lang='lat' dir='ltr'>claros</span> <span class='ocrx_word' id='word_1_163' title='bbox 942 2614 975 2674; x_wconf 88' lang='lat' dir='ltr'>et</span> <span class='ocrx_word' id='word_1_164' title='bbox 1002 2610 1125 2675; x_wconf 90' lang='lat' dir='ltr'>nobiles</span> <span class='ocrx_word' id='word_1_165' title='bbox 1147 2610 1325 2693; x_wconf 90' lang='lat' dir='ltr'>Vesperum</span> <span class='ocrx_word' id='word_1_166' title='bbox 1352 2613 1430 2672; x_wconf 70' lang='lat' dir='ltr'>et...</span> 
     </span>
     <span class='ocr_line' id='line_1_19' title="bbox 243 2711 1384 2796; baseline 0 -22"><span class='ocrx_word' id='word_1_167' title='bbox 243 2711 425 2776; x_wconf 86' lang='lat' dir='ltr'>Luciferum</span> <span class='ocrx_word' id='word_1_168' title='bbox 447 2713 563 2796; x_wconf 70' lang='lat' dir='ltr'>putad:</span> <span class='ocrx_word' id='word_1_169' title='bbox 585 2712 712 2796; x_wconf 90' lang='lat' dir='ltr'>utrique</span> <span class='ocrx_word' id='word_1_170' title='bbox 728 2713 1032 2775; x_wconf 88' lang='lat' dir='ltr'>demonstrationem</span> <span class='ocrx_word' id='word_1_171' title='bbox 1055 2712 1104 2775; x_wconf 89' lang='lat' dir='ltr'>sui</span> <span class='ocrx_word' id='word_1_172' title='bbox 1120 2712 1288 2795; x_wconf 81' lang='lat' dir='ltr'>quisque¹²</span> <span class='ocrx_word' id='word_1_173' title='bbox 1302 2711 1384 2774; x_wconf 90' lang='lat' dir='ltr'>limi-</span> 
     </span>
     <span class='ocr_line' id='line_1_20' title="bbox 242 2813 1384 2899; baseline -0.001 -23"><span class='ocrx_word' id='word_1_174' title='bbox 242 2814 284 2876; x_wconf 88' lang='lat' dir='ltr'>tis</span> <span class='ocrx_word' id='word_1_175' title='bbox 312 2815 501 2878; x_wconf 87' lang='lat' dir='ltr'>ostendunt:</span> <span class='ocrx_word' id='word_1_176' title='bbox 536 2814 650 2878; x_wconf 90' lang='lat' dir='ltr'>horum</span> <span class='ocrx_word' id='word_1_177' title='bbox 678 2814 858 2899; x_wconf 91' lang='lat' dir='ltr'>cognitioni</span> <span class='ocrx_word' id='word_1_178' title='bbox 879 2814 1041 2877; x_wconf 74' lang='lat' dir='ltr'>&#39;interesse</span> <span class='ocrx_word' id='word_1_179' title='bbox 1067 2813 1210 2897; x_wconf 87' lang='lat' dir='ltr'>postulat</span> <span class='ocrx_word' id='word_1_180' title='bbox 1238 2813 1384 2897; x_wconf 83' lang='lat' dir='ltr'>Somnus,</span> 
     </span>
     <span class='ocr_line' id='line_1_21' title="bbox 243 2913 1384 3001; baseline -0.001 -23"><span class='ocrx_word' id='word_1_181' title='bbox 243 2937 319 2978; x_wconf 86' lang='lat' dir='ltr'>nam</span> <span class='ocrx_word' id='word_1_182' title='bbox 342 2938 375 2980; x_wconf 93' lang='lat' dir='ltr'>se</span> <span class='ocrx_word' id='word_1_183' title='bbox 395 2916 562 3000; x_wconf 79' lang='lat' dir='ltr'>quisque¹³</span> <span class='ocrx_word' id='word_1_184' title='bbox 582 2916 720 2980; x_wconf 88' lang='lat' dir='ltr'>adfinem</span> <span class='ocrx_word' id='word_1_185' title='bbox 743 2938 811 2980; x_wconf 89' lang='lat' dir='ltr'>esse</span> <span class='ocrx_word' id='word_1_186' title='bbox 833 2916 964 3001; x_wconf 86' lang='lat' dir='ltr'>negotio</span> <span class='ocrx_word' id='word_1_187' title='bbox 986 2918 1019 2978; x_wconf 92' lang='lat' dir='ltr'>et</span> <span class='ocrx_word' id='word_1_188' title='bbox 1040 2914 1165 2998; x_wconf 90' lang='lat' dir='ltr'>adtingi</span> <span class='ocrx_word' id='word_1_189' title='bbox 1189 2913 1306 2978; x_wconf 90' lang='lat' dir='ltr'>iniuria</span> <span class='ocrx_word' id='word_1_190' title='bbox 1328 2914 1384 2978; x_wconf 89' lang='lat' dir='ltr'>ait.</span> 
     </span>
    </p>
   </div>
   <div class='ocr_carea' id='block_1_3' title="bbox 328 3031 1322 3355">
    <p class='ocr_par' dir='ltr' id='par_1_6' title="bbox 328 3031 776 3102">
     <span class='ocr_line' id='line_1_22' title="bbox 328 3031 776 3102; baseline 0 -15"><span class='ocrx_word' id='word_1_191' title='bbox 328 3051 345 3087; x_wconf 82' lang='lat' dir='ltr'>a</span> <span class='ocrx_word' id='word_1_192' title='bbox 363 3038 397 3087; x_wconf 85' lang='lat' dir='ltr'>In</span> <span class='ocrx_word' id='word_1_193' title='bbox 408 3039 535 3102; x_wconf 70' lang='lat' dir='ltr'>margine:</span> <span class='ocrx_word' id='word_1_194' title='bbox 553 3033 594 3087; x_wconf 89' lang='lat' dir='ltr'>De</span> <span class='ocrx_word' id='word_1_195' title='bbox 613 3031 776 3102; x_wconf 85' lang='lat' dir='ltr'>Chrysippo.</span> 
     </span>
    </p>

    <p class='ocr_par' dir='ltr' id='par_1_7' title="bbox 328 3116 743 3185">
     <span class='ocr_line' id='line_1_23' title="bbox 328 3116 743 3185; baseline -0.002 -15"><span class='ocrx_word' id='word_1_196' title='bbox 328 3119 347 3170; x_wconf 92' lang='lat' dir='ltr'>b</span> <span class='ocrx_word' id='word_1_197' title='bbox 365 3122 399 3170; x_wconf 87' lang='lat' dir='ltr'>In</span> <span class='ocrx_word' id='word_1_198' title='bbox 417 3123 543 3185; x_wconf 70' lang='lat' dir='ltr'>margine:</span> <span class='ocrx_word' id='word_1_199' title='bbox 561 3116 602 3170; x_wconf 85' lang='lat' dir='ltr'>De</span> <span class='ocrx_word' id='word_1_200' title='bbox 621 3116 743 3171; x_wconf 79' lang='lat' dir='ltr'>Socrate.</span> 
     </span>
    </p>

    <p class='ocr_par' dir='ltr' id='par_1_8' title="bbox 329 3199 1133 3271">
     <span class='ocr_line' id='line_1_24' title="bbox 329 3199 1133 3271; baseline -0.001 -17"><span class='ocrx_word' id='word_1_201' title='bbox 329 3218 344 3254; x_wconf 92' lang='grc'>0</span> <span class='ocrx_word' id='word_1_202' title='bbox 364 3206 395 3254; x_wconf 86' lang='lat' dir='ltr'>In</span> <span class='ocrx_word' id='word_1_203' title='bbox 412 3207 540 3271; x_wconf 77' lang='lat' dir='ltr'>marpine:</span> <span class='ocrx_word' id='word_1_204' title='bbox 561 3243 753 3255; x_wconf 89' lang='grc'><strong>........</strong></span> <span class='ocrx_word' id='word_1_205' title='bbox 774 3200 913 3254; x_wconf 79' lang='lat' dir='ltr'>cotidiano</span> <span class='ocrx_word' id='word_1_206' title='bbox 931 3231 964 3239; x_wconf 88' lang='lat'><em>-</em></span> <span class='ocrx_word' id='word_1_207' title='bbox 982 3199 1133 3270; x_wconf 83' lang='lat' dir='ltr'>cognoscis.</span> 
     </span>
    </p>

    <p class='ocr_par' dir='ltr' id='par_1_9' title="bbox 329 3284 1322 3355">
     <span class='ocr_line' id='line_1_25' title="bbox 329 3284 1322 3355; baseline 0.001 -17"><span class='ocrx_word' id='word_1_208' title='bbox 329 3286 347 3338; x_wconf 93' lang='lat' dir='ltr'>d</span> <span class='ocrx_word' id='word_1_209' title='bbox 368 3290 399 3338; x_wconf 82' lang='lat' dir='ltr'>ln</span> <span class='ocrx_word' id='word_1_210' title='bbox 416 3292 543 3354; x_wconf 64' lang='lat' dir='ltr'>margine:</span> <span class='ocrx_word' id='word_1_211' title='bbox 561 3285 602 3339; x_wconf 91' lang='lat' dir='ltr'>De</span> <span class='ocrx_word' id='word_1_212' title='bbox 620 3285 744 3339; x_wconf 84' lang='lat' dir='ltr'>Lucifera</span> <span class='ocrx_word' id='word_1_213' title='bbox 767 3287 815 3352; x_wconf 83' lang='lat' dir='ltr'>(ita</span> <span class='ocrx_word' id='word_1_214' title='bbox 832 3288 907 3352; x_wconf 82' lang='lat' dir='ltr'>Cod.)</span> <span class='ocrx_word' id='word_1_215' title='bbox 926 3286 955 3339; x_wconf 87' lang='lat' dir='ltr'>et</span> <span class='ocrx_word' id='word_1_216' title='bbox 972 3285 1006 3339; x_wconf 93' lang='lat' dir='ltr'>de</span> <span class='ocrx_word' id='word_1_217' title='bbox 1024 3285 1146 3355; x_wconf 88' lang='lat' dir='ltr'>Vespere</span> <span class='ocrx_word' id='word_1_218' title='bbox 1165 3286 1193 3338; x_wconf 89' lang='lat' dir='ltr'>et</span> <span class='ocrx_word' id='word_1_219' title='bbox 1212 3284 1322 3339; x_wconf 88' lang='grc'><strong>801110,</strong></span> 
     </span>
    </p>
   </div>
   <div class='ocr_carea' id='block_1_4' title="bbox 231 3402 1387 4991">
    <p class='ocr_par' dir='ltr' id='par_1_10' title="bbox 231 3402 1387 4991">
     <span class='ocr_line' id='line_1_26' title="bbox 331 3402 1386 3472; baseline -0.001 -14"><span class='ocrx_word' id='word_1_220' title='bbox 331 3412 343 3457; x_wconf 94' lang='grc'>1</span> <span class='ocrx_word' id='word_1_221' title='bbox 364 3404 404 3458; x_wconf 81' lang='lat' dir='ltr'>cf.</span> <span class='ocrx_word' id='word_1_222' title='bbox 423 3405 513 3458; x_wconf 90' lang='lat' dir='ltr'>Plaut.</span> <span class='ocrx_word' id='word_1_223' title='bbox 533 3402 612 3472; x_wconf 79' lang='lat' dir='ltr'>Capt.</span> <span class='ocrx_word' id='word_1_224' title='bbox 632 3403 680 3458; x_wconf 89' lang='grc'><strong>111.</strong></span> <span class='ocrx_word' id='word_1_225' title='bbox 701 3411 723 3458; x_wconf 93' lang='lat'>1.</span> <span class='ocrx_word' id='word_1_226' title='bbox 742 3410 766 3457; x_wconf 89' lang='lat'>8.</span> <span class='ocrx_word' id='word_1_227' title='bbox 803 3408 900 3458; x_wconf 81' lang='lat' dir='ltr'>Maius.</span> <span class='ocrx_word' id='word_1_228' title='bbox 936 3405 1086 3458; x_wconf 88' lang='lat' dir='ltr'>Praeterea</span> <span class='ocrx_word' id='word_1_229' title='bbox 1108 3403 1177 3471; x_wconf 86' lang='lat' dir='ltr'>legit</span> <span class='ocrx_word' id='word_1_230' title='bbox 1198 3404 1386 3457; x_wconf 88' lang='lat' dir='ltr'>Heindorfius:</span> 
     </span>
     <span class='ocr_line' id='line_1_27' title="bbox 231 3483 522 3556; baseline 0 -13"><span class='ocrx_word' id='word_1_231' title='bbox 231 3483 323 3544; x_wconf 69' lang='lat' dir='ltr'>&#39;Nunc</span> <span class='ocrx_word' id='word_1_232' title='bbox 341 3489 408 3556; x_wconf 89' lang='lat' dir='ltr'>quid</span> <span class='ocrx_word' id='word_1_233' title='bbox 427 3501 452 3543; x_wconf 79' lang='grc'>11</span> <span class='ocrx_word' id='word_1_234' title='bbox 471 3490 522 3543; x_wconf 90' lang='lat' dir='ltr'>etc.</span> 
     </span>
     <span class='ocr_line' id='line_1_28' title="bbox 328 3572 765 3646; baseline 0 -19"><span class='ocrx_word' id='word_1_235' title='bbox 328 3581 343 3627; x_wconf 82' lang='lat'>2</span> <span class='ocrx_word' id='word_1_236' title='bbox 361 3574 405 3627; x_wconf 89' lang='lat' dir='ltr'>lta</span> <span class='ocrx_word' id='word_1_237' title='bbox 423 3572 529 3639; x_wconf 78' lang='lat' dir='ltr'>Codex,</span> <span class='ocrx_word' id='word_1_238' title='bbox 547 3589 603 3627; x_wconf 91' lang='lat' dir='ltr'>non</span> <span class='ocrx_word' id='word_1_239' title='bbox 620 3584 765 3646; x_wconf 80' lang='lat' dir='ltr'>praetereo.</span> 
     </span>
     <span class='ocr_line' id='line_1_29' title="bbox 328 3656 870 3716; baseline 0.002 -3"><span class='ocrx_word' id='word_1_240' title='bbox 328 3656 400 3713; x_wconf 84' lang='lat' dir='ltr'>3Cf.</span> <span class='ocrx_word' id='word_1_241' title='bbox 419 3656 609 3711; x_wconf 89' lang='lat' dir='ltr'>testimonium</span> <span class='ocrx_word' id='word_1_242' title='bbox 626 3658 742 3712; x_wconf 80' lang='lat' dir='ltr'>Laertie.</span> <span class='ocrx_word' id='word_1_243' title='bbox 774 3661 870 3716; x_wconf 69' lang='lat' dir='ltr'>Maius.</span> 
     </span>
     <span class='ocr_line' id='line_1_30' title="bbox 327 3742 679 3797; baseline 0 -1"><span class='ocrx_word' id='word_1_244' title='bbox 327 3749 344 3796; x_wconf 87' lang='lat'>4</span> <span class='ocrx_word' id='word_1_245' title='bbox 361 3743 430 3797; x_wconf 84' lang='lat' dir='ltr'>Tres</span> <span class='ocrx_word' id='word_1_246' title='bbox 447 3759 543 3796; x_wconf 87' lang='lat' dir='ltr'>versus</span> <span class='ocrx_word' id='word_1_247' title='bbox 562 3742 679 3797; x_wconf 86' lang='lat' dir='ltr'>evanidi.</span> 
     </span>
     <span class='ocr_line' id='line_1_31' title="bbox 329 3826 858 3900; baseline 0.004 -19"><span class='ocrx_word' id='word_1_248' title='bbox 329 3833 344 3881; x_wconf 83' lang='lat'>5</span> <span class='ocrx_word' id='word_1_249' title='bbox 363 3826 465 3895; x_wconf 83' lang='lat' dir='ltr'>Supple</span> <span class='ocrx_word' id='word_1_250' title='bbox 483 3826 539 3880; x_wconf 86' lang='lat' dir='ltr'>tria</span> <span class='ocrx_word' id='word_1_251' title='bbox 556 3828 613 3881; x_wconf 86' lang='lat' dir='ltr'>fere</span> <span class='ocrx_word' id='word_1_252' title='bbox 630 3827 725 3881; x_wconf 86' lang='lat' dir='ltr'>verba.</span> <span class='ocrx_word' id='word_1_253' title='bbox 763 3832 858 3900; x_wconf 78' lang='lat' dir='ltr'>Maius.</span> 
     </span>
     <span class='ocr_line' id='line_1_32' title="bbox 328 3910 1387 3979; baseline 0 -15"><span class='ocrx_word' id='word_1_254' title='bbox 328 3918 344 3964; x_wconf 88' lang='grc'><strong>6</strong></span> <span class='ocrx_word' id='word_1_255' title='bbox 361 3912 393 3963; x_wconf 89' lang='grc'>11</span> <span class='ocrx_word' id='word_1_256' title='bbox 409 3910 453 3963; x_wconf 89' lang='lat' dir='ltr'>his</span> <span class='ocrx_word' id='word_1_257' title='bbox 470 3910 576 3963; x_wconf 87' lang='lat' dir='ltr'>lacunis</span> <span class='ocrx_word' id='word_1_258' title='bbox 595 3911 699 3965; x_wconf 88' lang='lat' dir='ltr'>cubant</span> <span class='ocrx_word' id='word_1_259' title='bbox 714 3913 771 3964; x_wconf 85' lang='lat' dir='ltr'>tres</span> <span class='ocrx_word' id='word_1_260' title='bbox 783 3929 887 3965; x_wconf 88' lang='lat' dir='ltr'>versus.</span> <span class='ocrx_word' id='word_1_261' title='bbox 912 3910 1087 3964; x_wconf 84' lang='lat' dir='ltr'>Ecksteinius</span> <span class='ocrx_word' id='word_1_262' title='bbox 1104 3910 1256 3964; x_wconf 87' lang='lat' dir='ltr'>rectissime</span> <span class='ocrx_word' id='word_1_263' title='bbox 1275 3911 1387 3979; x_wconf 85' lang='lat' dir='ltr'>supplet</span> 
     </span>
     <span class='ocr_line' id='line_1_33' title="bbox 244 3993 1183 4062; baseline -0.003 -12"><span class='ocrx_word' id='word_1_264' title='bbox 244 4001 342 4050; x_wconf 80' lang='lat' dir='ltr'>luminis</span> <span class='ocrx_word' id='word_1_265' title='bbox 360 4012 432 4060; x_wconf 87' lang='lat' dir='ltr'>oras,</span> <span class='ocrx_word' id='word_1_266' title='bbox 451 3993 513 4047; x_wconf 92' lang='lat' dir='ltr'>coll.</span> <span class='ocrx_word' id='word_1_267' title='bbox 531 3994 640 4048; x_wconf 87' lang='lat' dir='ltr'>Lucret.</span> <span class='ocrx_word' id='word_1_268' title='bbox 659 3995 679 4048; x_wconf 91' lang='lat' dir='ltr'>I.</span> <span class='ocrx_word' id='word_1_269' title='bbox 699 4001 732 4048; x_wconf 80' lang='lat'>23</span> <span class='ocrx_word' id='word_1_270' title='bbox 751 3998 779 4049; x_wconf 88' lang='lat' dir='ltr'>et</span> <span class='ocrx_word' id='word_1_271' title='bbox 796 3995 878 4048; x_wconf 86' lang='lat' dir='ltr'>Ennii</span> <span class='ocrx_word' id='word_1_272' title='bbox 895 3995 994 4048; x_wconf 89' lang='lat' dir='ltr'>Annal.</span> <span class='ocrx_word' id='word_1_273' title='bbox 1015 3995 1035 4062; x_wconf 90' lang='lat' dir='ltr'>l,</span> <span class='ocrx_word' id='word_1_274' title='bbox 1050 4001 1106 4049; x_wconf 90' lang='lat'>118.</span> <span class='ocrx_word' id='word_1_275' title='bbox 1128 4001 1183 4048; x_wconf 73' lang='lat'>165.</span> 
     </span>
     <span class='ocr_line' id='line_1_34' title="bbox 329 4078 982 4148; baseline -0.005 -14"><span class='ocrx_word' id='word_1_276' title='bbox 329 4087 343 4134; x_wconf 76' lang='lat'>7</span> <span class='ocrx_word' id='word_1_277' title='bbox 362 4078 548 4132; x_wconf 89' lang='lat' dir='ltr'>Heindorfius:</span> <span class='ocrx_word' id='word_1_278' title='bbox 569 4083 623 4132; x_wconf 85' lang='lat' dir='ltr'>Nec</span> <span class='ocrx_word' id='word_1_279' title='bbox 640 4110 673 4118; x_wconf 85' lang='lat'><em>-</em></span> <span class='ocrx_word' id='word_1_280' title='bbox 690 4090 795 4148; x_wconf 77' lang='lat' dir='ltr'>reputas</span> <span class='ocrx_word' id='word_1_281' title='bbox 813 4110 846 4119; x_wconf 91' lang='lat'>—</span> <span class='ocrx_word' id='word_1_282' title='bbox 862 4084 982 4146; x_wconf 71' lang='lat' dir='ltr'>sutona?</span> 
     </span>
     <span class='ocr_line' id='line_1_35' title="bbox 328 4163 672 4233; baseline 0.006 -17"><span class='ocrx_word' id='word_1_283' title='bbox 328 4169 344 4216; x_wconf 89' lang='lat'><em>8</em></span> <span class='ocrx_word' id='word_1_284' title='bbox 362 4163 463 4232; x_wconf 91' lang='lat' dir='ltr'>Incipit</span> <span class='ocrx_word' id='word_1_285' title='bbox 481 4163 547 4216; x_wconf 78' lang='lat' dir='ltr'>eod.</span> <span class='ocrx_word' id='word_1_286' title='bbox 566 4181 595 4233; x_wconf 86' lang='lat' dir='ltr'>p.</span> <span class='ocrx_word' id='word_1_287' title='bbox 614 4169 672 4218; x_wconf 80' lang='lat'>220.</span> 
     </span>
     <span class='ocr_line' id='line_1_36' title="bbox 329 4247 1105 4304; baseline -0.001 -1"><span class='ocrx_word' id='word_1_288' title='bbox 329 4256 345 4303; x_wconf 85' lang='lat'>9</span> <span class='ocrx_word' id='word_1_289' title='bbox 363 4248 468 4302; x_wconf 87' lang='lat' dir='ltr'>Codex:</span> <span class='ocrx_word' id='word_1_290' title='bbox 492 4258 563 4301; x_wconf 81' lang='lat' dir='ltr'>tuum.</span> <span class='ocrx_word' id='word_1_291' title='bbox 599 4247 688 4302; x_wconf 88' lang='lat' dir='ltr'>Maius</span> <span class='ocrx_word' id='word_1_292' title='bbox 707 4249 814 4302; x_wconf 90' lang='lat' dir='ltr'>confert</span> <span class='ocrx_word' id='word_1_293' title='bbox 831 4248 949 4303; x_wconf 88' lang='lat' dir='ltr'>Dionem</span> <span class='ocrx_word' id='word_1_294' title='bbox 966 4247 1060 4304; x_wconf 79' lang='lat' dir='ltr'>LXXI.</span> <span class='ocrx_word' id='word_1_295' title='bbox 1081 4254 1105 4302; x_wconf 84' lang='lat'>6.</span> 
     </span>
     <span class='ocr_line' id='line_1_37' title="bbox 313 4332 1386 4402; baseline -0.004 -14"><span class='ocrx_word' id='word_1_296' title='bbox 313 4341 345 4389; x_wconf 93' lang='grc'>10</span> <span class='ocrx_word' id='word_1_297' title='bbox 362 4333 521 4388; x_wconf 84' lang='lat' dir='ltr'>Formulam</span> <span class='ocrx_word' id='word_1_298' title='bbox 538 4334 610 4386; x_wconf 89' lang='lat' dir='ltr'>hanc</span> <span class='ocrx_word' id='word_1_299' title='bbox 627 4334 714 4387; x_wconf 90' lang='lat' dir='ltr'>habet</span> <span class='ocrx_word' id='word_1_300' title='bbox 731 4333 830 4386; x_wconf 86' lang='lat' dir='ltr'>Festus</span> <span class='ocrx_word' id='word_1_301' title='bbox 848 4349 958 4401; x_wconf 90' lang='lat' dir='ltr'>quoque</span> <span class='ocrx_word' id='word_1_302' title='bbox 975 4350 1043 4388; x_wconf 86' lang='lat' dir='ltr'>voce</span> <span class='ocrx_word' id='word_1_303' title='bbox 1061 4353 1160 4402; x_wconf 80' lang='lat' dir='ltr'>parum.</span> <span class='ocrx_word' id='word_1_304' title='bbox 1191 4332 1284 4385; x_wconf 88' lang='lat' dir='ltr'>Inuuit</span> <span class='ocrx_word' id='word_1_305' title='bbox 1301 4332 1386 4385; x_wconf 87' lang='lat' dir='ltr'>etiam</span> 
     </span>
     <span class='ocr_line' id='line_1_38' title="bbox 245 4418 1134 4488; baseline -0.002 -15"><span class='ocrx_word' id='word_1_306' title='bbox 245 4419 377 4474; x_wconf 87' lang='lat' dir='ltr'>Horatius</span> <span class='ocrx_word' id='word_1_307' title='bbox 394 4421 454 4472; x_wconf 88' lang='lat' dir='ltr'>Art.</span> <span class='ocrx_word' id='word_1_308' title='bbox 473 4419 548 4488; x_wconf 86' lang='lat' dir='ltr'>poet.</span> <span class='ocrx_word' id='word_1_309' title='bbox 568 4423 625 4472; x_wconf 81' lang='lat'>353.</span> <span class='ocrx_word' id='word_1_310' title='bbox 663 4423 750 4472; x_wconf 80' lang='lat' dir='ltr'>Maius</span> <span class='ocrx_word' id='word_1_311' title='bbox 767 4418 917 4472; x_wconf 86' lang='lat' dir='ltr'>secundum</span> <span class='ocrx_word' id='word_1_312' title='bbox 933 4418 1134 4472; x_wconf 85' lang='lat' dir='ltr'>Heindorfium.</span> 
     </span>
     <span class='ocr_line' id='line_1_39' title="bbox 313 4501 1384 4559; baseline -0.005 0"><span class='ocrx_word' id='word_1_313' title='bbox 313 4511 343 4559; x_wconf 92' lang='lat'>11</span> <span class='ocrx_word' id='word_1_314' title='bbox 362 4503 450 4557; x_wconf 90' lang='lat' dir='ltr'>Maius</span> <span class='ocrx_word' id='word_1_315' title='bbox 473 4502 583 4557; x_wconf 89' lang='lat' dir='ltr'>coniicit</span> <span class='ocrx_word' id='word_1_316' title='bbox 601 4508 670 4557; x_wconf 79' lang='lat' dir='ltr'>deos.</span> <span class='ocrx_word' id='word_1_317' title='bbox 706 4502 824 4556; x_wconf 89' lang='lat' dir='ltr'>Orellius</span> <span class='ocrx_word' id='word_1_318' title='bbox 844 4508 908 4557; x_wconf 78' lang='lat' dir='ltr'>duos</span> <span class='ocrx_word' id='word_1_319' title='bbox 925 4509 995 4557; x_wconf 82' lang='lat' dir='ltr'>deor.</span> <span class='ocrx_word' id='word_1_320' title='bbox 1031 4501 1204 4556; x_wconf 83' lang='lat' dir='ltr'>Ecksteinius</span> <span class='ocrx_word' id='word_1_321' title='bbox 1222 4506 1292 4554; x_wconf 79' lang='lat' dir='ltr'>divor</span> <span class='ocrx_word' id='word_1_322' title='bbox 1313 4506 1384 4556; x_wconf 79' lang='lat' dir='ltr'>duos.</span> 
     </span>
     <span class='ocr_line' id='line_1_40' title="bbox 245 4585 963 4655; baseline -0.004 -12"><span class='ocrx_word' id='word_1_323' title='bbox 245 4590 351 4643; x_wconf 80' lang='lat' dir='ltr'>Codex:</span> <span class='ocrx_word' id='word_1_324' title='bbox 374 4595 406 4642; x_wconf 82' lang='lat' dir='ltr'>de</span> <span class='ocrx_word' id='word_1_325' title='bbox 421 4592 513 4655; x_wconf 76' lang='lat' dir='ltr'>finibus</span> <span class='ocrx_word' id='word_1_326' title='bbox 532 4629 723 4642; x_wconf 90' lang='grc'><strong>........</strong></span> <span class='ocrx_word' id='word_1_327' title='bbox 743 4585 853 4652; x_wconf 66' lang='grc'><strong>011118</strong></span> <span class='ocrx_word' id='word_1_328' title='bbox 872 4594 963 4642; x_wconf 80' lang='lat' dir='ltr'>claros.</span> 
     </span>
     <span class='ocr_line' id='line_1_41' title="bbox 313 4671 1386 4741; baseline -0.003 -14"><span class='ocrx_word' id='word_1_329' title='bbox 313 4680 344 4727; x_wconf 78' lang='lat'>12</span> <span class='ocrx_word' id='word_1_330' title='bbox 363 4671 470 4725; x_wconf 83' lang='lat' dir='ltr'>Codicis</span> <span class='ocrx_word' id='word_1_331' title='bbox 482 4671 564 4726; x_wconf 90' lang='lat' dir='ltr'>lectio</span> <span class='ocrx_word' id='word_1_332' title='bbox 577 4688 633 4725; x_wconf 93' lang='lat' dir='ltr'>non</span> <span class='ocrx_word' id='word_1_333' title='bbox 647 4671 714 4726; x_wconf 87' lang='lat' dir='ltr'>satis</span> <span class='ocrx_word' id='word_1_334' title='bbox 729 4673 806 4726; x_wconf 87' lang='lat' dir='ltr'>certa</span> <span class='ocrx_word' id='word_1_335' title='bbox 819 4673 873 4737; x_wconf 83' lang='lat' dir='ltr'>est3</span> <span class='ocrx_word' id='word_1_336' title='bbox 892 4688 982 4740; x_wconf 90' lang='lat' dir='ltr'>neque</span> <span class='ocrx_word' id='word_1_337' title='bbox 1000 4672 1042 4725; x_wconf 88' lang='lat' dir='ltr'>est</span> <span class='ocrx_word' id='word_1_338' title='bbox 1056 4677 1168 4741; x_wconf 78' lang='lat' dir='ltr'>quisque,</span> <span class='ocrx_word' id='word_1_339' title='bbox 1185 4686 1275 4738; x_wconf 89' lang='lat' dir='ltr'>neque</span> <span class='ocrx_word' id='word_1_340' title='bbox 1290 4690 1386 4740; x_wconf 79' lang='lat' dir='ltr'>quoque</span> 
     </span>
     <span class='ocr_line' id='line_1_42' title="bbox 244 4755 675 4829; baseline -0.012 -14"><span class='ocrx_word' id='word_1_341' title='bbox 244 4775 334 4828; x_wconf 81' lang='lat' dir='ltr'>neque</span> <span class='ocrx_word' id='word_1_342' title='bbox 353 4777 465 4829; x_wconf 78' lang='lat' dir='ltr'>quaque,-</span> <span class='ocrx_word' id='word_1_343' title='bbox 487 4755 536 4810; x_wconf 79' lang='lat' dir='ltr'>alii</span> <span class='ocrx_word' id='word_1_344' title='bbox 553 4756 675 4811; x_wconf 82' lang='lat' dir='ltr'>videant.</span> 
     </span>
     <span class='ocr_line' id='line_1_43' title="bbox 312 4842 1023 4913; baseline -0.003 -16"><span class='ocrx_word' id='word_1_345' title='bbox 312 4852 343 4900; x_wconf 87' lang='lat'>13</span> <span class='ocrx_word' id='word_1_346' title='bbox 361 4843 396 4898; x_wconf 85' lang='lat' dir='ltr'>F:</span> <span class='ocrx_word' id='word_1_347' title='bbox 416 4849 532 4913; x_wconf 81' lang='lat' dir='ltr'>quoique.</span> <span class='ocrx_word' id='word_1_348' title='bbox 568 4846 728 4898; x_wconf 74' lang='lat' dir='ltr'>Niebubrius.</span> <span class='ocrx_word' id='word_1_349' title='bbox 765 4842 898 4897; x_wconf 89' lang='lat' dir='ltr'>Orellius:</span> <span class='ocrx_word' id='word_1_350' title='bbox 917 4862 1023 4913; x_wconf 82' lang='lat' dir='ltr'>quoque.</span> 
     </span>
     <span class='ocr_line' id='line_1_44' title="bbox 1121 4927 1184 4991; baseline 0 0"><span class='ocrx_word' id='word_1_351' title='bbox 1121 4927 1184 4991; x_wconf 78' lang='lat'>15*</span> 
     </span>
    </p>
   </div>
   <div class='ocr_carea' id='block_1_5' title="bbox 0 0 1655 5950">
    <p class='ocr_par' dir='ltr' id='par_1_11' title="bbox 0 0 1655 5950">
     <span class='ocr_line' id='line_1_45' title="bbox 0 0 1655 5950; baseline 0 0"><span class='ocrx_word' id='word_1_352' title='bbox 0 0 1655 5950; x_wconf 95' lang='lat' dir='ltr'> </span> 
     </span>
    </p>
   </div>
  </div>
 </body>
</html>
