3300 5950
467 766 515 819 AD
534 766 570 820 M.
591 724 782 820 CAESAREM
800 765 847 818 ET
866 764 1019 820 INVICEM
1037 766 1182 820 LIBERI.
1216 843 1218 847 Ι
1377 773 1395 835 7

250 937 378 1002 ,nullam
404 939 528 1001 ¹extare
550 936 717 1000 rationem.
748 936 816 1001 Nee
832 936 962 999 omnino
977 936 1056 998 mihi
1079 958 1168 1017 amor
1182 938 1317 1022 videtur,
1341 940 1395 1022 qui

255 1039 381 1103 ratione
403 1038 522 1102 ²oritur
544 1040 576 1101 et
596 1037 689 1101 iustis
712 1038 825 1102 certis³
849 1039 887 1101 de
909 1038 1012 1101 causis
1029 1038 1211 1122 copulatur:
1235 1054 1396 1103 aamorem

257 1162 316 1224 ego
337 1140 429 1204 illum
450 1139 604 1222 intellego
625 1139 794 1202 fortuitum
817 1142 850 1202 et
872 1139 1007 1202 liberum
1030 1143 1062 1202 et
1083 1139 1181 1203 nullis
1207 1142 1310 1204 causis
1331 1163 1394 1205 ser-

255 1242 412 1323 vientem,
445 1241 557 1323 inpetu
585 1240 690 1323 potius
720 1263 815 1324 quam
845 1241 970 1304 ratione
1000 1244 1203 1324 conceptum,
1247 1242 1302 1325 qui
1328 1265 1394 1307 non

256 1342 380 1424 officiis,
403 1342 453 1405 uti
467 1342 563 1425 ignis,
588 1342 642 1404 sed
658 1344 772 1424 sponte
795 1342 890 1405 ⁴ort1s
906 1342 1076 1425 vaporibus
1093 1342 1206 1406 caleat.
1242 1342 1395 1406 Baiarum

256 1465 315 1527 ego
333 1442 339 1529 Ι
361 1443 372 1482 ⁵
396 1442 513 1506 calidos
536 1463 648 1525 specus
673 1443 775 1506 ‘''malo
791 1466 887 1527 quam
901 1444 981 1506 istas
995 1443 1179 1507 fornaculas
1194 1444 1393 1526 balnearum,

255 1544 290 1607 in
312 1544 427 1626 quibus
449 1543 535 1627 ignis
558 1566 630 1607 cum
652 1546 781 1627 sumptu
804 1548 899 1628 atque
926 1543 1015 1607 fumo
1037 1546 1223 1608 accenditur
1244 1546 1394 1629 brevique

255 1644 477 1729 restinguitur.
515 1645 599 1708 ⁷Atb
621 1644 669 1707 illi
691 1645 825 1729 ingenui
841 1667 974 1729 vapores
996 1647 1068 1729 puri
1083 1646 1292 1730 perpetuique
1307 1649 1393 1729 sunt,

254 1745 341 1830 grati
361 1745 483 1828 pariter
504 1748 537 1808 et
558 1746 702 1829 gratuiti.

338 1846 391 1909 Ad
413 1847 548 1909 eundern
569 1868 698 1930 prorsus
713 1849 842 1911 modum
858 1848 1018 1912 amicitiae
1042 1849 1142 1912 ustae
1158 1849 1273 1913 officiis
1289 1849 1394 1912 calen-

254 1950 302 2012 tes
324 1947 448 2011 fumum
469 1948 630 2011 interdum
652 1951 685 2012 et
706 1948 855 2013 lacrimas
877 1950 1009 2033 habent,
1037 1953 1069 2014 et
1090 1950 1144 2013 ubi
1167 1952 1305 2033 primum
1329 1972 1393 2014 ces-

253 2050 389 2131 saveris,
419 2049 665 2133 9extinguntur:
694 2071 783 2113 amor
810 2054 917 2114 autem
944 2052 1096 2115 fortuitus
1124 2055 1157 2115 et
1182 2052 1267 2135 iugis
1292 2054 1395 2115 estet

151 2199 154 2204 .
253 2151 420 2215 iucundus.

338 2231 432 2327 Quid*
447 2252 530 2335 quod
557 2273 660 2335 neque
688 2253 841 2317 adolescit
873 2254 1007 2336 proinde
1034 2274 1137 2337 neque
1167 2254 1394 2317 conroboratur

254 2352 395 2417 amicitia
417 2353 539 2417 meritis
561 2358 670 2436 parta,
699 2357 735 2417 ut
756 2354 810 2417 ille
833 2376 922 2417 amor
942 2356 1066 2419 subitus
1092 2356 1116 2395 ¹⁰
1124 2377 1162 2418 ac
1184 2355 1394 2438 repentinus?

253 2458 376 2518 utnon
399 2476 498 2539 aeque
521 2456 708 2520 adolescunt
729 2457 764 2520 in
785 2456 938 2540 pomariis
964 2456 983 2497 ¹¹
994 2457 1190 2540 hortulisque
1206 2457 1393 2520 arbusculae

255 2554 384 2620 ¹²manu
414 2556 517 2620 cultae
545 2557 749 2641 rigataeque‚
782 2560 820 2620 ut
847 2557 903 2621 illa
930 2559 965 2621 in
992 2558 1154 2622 montibus
1188 2558 1333 2621 aesculus
1361 2561 1394 2621 et

253 2657 340 2721 abies
363 2659 396 2721 et
418 2658 510 2721 alnus
534 2660 566 2721 et
589 2660 699 2722 cedrus
722 2662 754 2722 et
775 2660 896 2742 piceae,
923 2658 1034 2741 ¹³quae
1056 2662 1170 2742 sponte
1192 2661 1299 2740 natae,
1323 2658 1392 2722 sine

252 2759 377 2823 ratione
399 2781 437 2823 ac
460 2760 529 2823 sine
552 2760 661 2823 ordine
677 2761 758 2823 sitae
767 2760 802 2842 ll,
827 2760 924 2823 nullis
941 2761 1098 2824 cultorum
1112 2760 1274 2823 laboribus
1289 2781 1392 2843 neque

252 2860 378 2943 officim,
403 2862 457 2924 sed
479 2861 584 2925 ventis
608 2864 703 2942 atque
724 2861 880 2924 imbribus
903 2862 1089 2926 educantur.

337 2962 423 3026 Tuus
445 2963 546 3047 igitur
572 2963 633 3027 iste
656 2985 746 3026 amor
772 2961 913 3026 incultus
943 2965 975 3026 et
1002 2963 1072 3026 sine
1099 2963 1224 3026 ratione
1252 2964 1390 3045 exortus

252 3085 355 3147 spero,
380 3086 452 3127 cum
475 3065 576 3128 cedris
598 3085 692 3147 porro
716 3063 909 3126 adolescet¹⁵
931 3066 963 3126 et
985 3064 1136 3127 aesculis:
1159 3063 1255 3146 quisi
1272 3062 1391 3126 officio-

357 3201 366 3205 ..
375 3199 451 3206 ...--.

320 3287 337 3324 a
354 3274 387 3322 ln
406 3273 532 3335 margine:
549 3267 635 3320 Mirus
652 3267 728 3320 loeus
748 3266 781 3320 de
800 3281 895 3320 amore
913 3265 1073 3320 rationabili
1092 3267 1120 3319 et
1138 3265 1261 3319 fortuito.

320 3356 338 3408 b
357 3359 390 3408 In
407 3357 533 3422 nrarpine:
551 3350 594 3403 Illi
611 3350 769 3418 ingenui-
782 3350 906 3418 gratuiti.
930 3351 1098 3404 Balnearum
1115 3348 1187 3418 ignis
1207 3367 1268 3403 eum
1281 3351 1392 3418 srmrptu

253 3443 282 3495 et
299 3439 374 3493 fumo
391 3436 553 3492 accenditur
570 3435 703 3502 brevique
722 3433 911 3501 restinguitur.

321 3616 334 3662 1
354 3608 459 3663 Codex:
478 3617 565 3660 cntra.

319 3701 334 3746 2
352 3693 396 3746 Ita
414 3691 507 3745 Codex
523 3707 565 3759 pr.
584 3706 621 3742 m.
641 3689 671 3742 at
689 3704 741 3741 see.
761 3692 877 3740 munitur.

319 3784 335 3832 3
351 3774 537 3830 Heindorfius:
556 3793 588 3827 ac
605 3777 691 3826 certia.
726 3770 901 3825 Eichstadius
921 3772 1027 3839 [certisl.
1064 3769 1236 3840 Schopenus:
1255 3776 1392 3840 certisque.

317 3860 451 3916 dMaius:
469 3869 548 3914 ortas.

320 3952 335 4001 5
352 3943 451 4014 Incipit
469 3943 536 3997 Cod.
555 3942 682 3996 Ambros.
700 3960 728 4010 p.
744 3946 782 3994 76.

319 4024 338 4084 6’
352 4030 396 4084 lta
413 4028 519 4093 Codex3
535 4026 624 4081 Maius
641 4042 789 4096 perperam
808 4024 963 4078 dubitabat.
999 4025 1104 4093 Aperte
1121 4023 1224 4091 legitur
1241 4031 1313 4077 arrato.

320 4114 457 4170 lCodex:
477 4118 528 4166 Aa.

268 4268 271 4272 ι
319 4198 459 4255 8Codex:
478 4203 535 4251 iste.

319 4289 334 4338 9
353 4284 397 4337 Ita
415 4281 519 4336 Codex:
539 4281 658 4334 alterum
675 4279 701 4332 N
720 4279 764 4332 vix
782 4278 909 4347 apparet.

305 4392 336 4440 10
354 4383 459 4438 Codex:
479 4350 507 4440 C.

304 4476 333 4523 11
352 4468 447 4532 Prima
462 4467 545 4522 litera
561 4467 587 4520 H
605 4483 677 4534 supr.
696 4463 744 4517 lin.

303 4560 334 4607 12
353 4552 456 4607 Codex:
474 4573 558 4614 mana,
577 4551 626 4605 sed
644 4566 713 4604 corr.
732 4567 805 4618 supr.
823 4548 871 4602 lin.

303 4645 334 4693 13
353 4637 457 4691 Codex:
476 4639 508 4706 q'.

303 4729 334 4775 14
353 4725 440 4775 Setae.
460 4720 613 4775 Cramerus.

302 4811 334 4861 15
352 4805 456 4861 Codex:
475 4811 604 4862 adolescit.
641 4803 824 4860 Corrcxerunt
841 4802 984 4858 triumviri.
