3300 5950
279 795 341 859 246
616 791 652 844 Μ.
673 789 843 844 CORNELII
861 788 1077 843 FRONTONIS.

280 964 468 1044 ἐργαεαῖμην
502 964 598 1028 οὐδὲν
635 962 708 1026 οὐδ’
737 961 892 1040 ὀναίμην1
920 961 1077 1025 οὐδέποτε
1101 1010 1222 1024 .....
1231 960 1244 999 ²
1271 962 1304 1027 ἐξ
1332 961 1430 1027 οἴκου

280 1068 375 1147 φατὶν
400 1066 443 1129 εἰ(
459 1064 550 1130 οἶκον
567 1067 734 1143 μετελθεῖν.
758 1064 929 1141 Ἐννόηεον
952 1066 987 1127 δὲ
1010 1062 1149 1140 κάκεῖνο,
1173 1061 1229 1141 ὅεη
1257 1063 1359 1141 ἡδονὴ
1378 1071 1430 1147 τῷ

281 1170 441 1247 πέμψαντι
464 1168 666 1247 ληφθέντων,
690 1165 745 1244 ὅεη
769 1165 852 1243 λύπη
882 1166 921 1242 μὴ
946 1167 1135 1244 ληφθέντων
1164 1163 1348 1241 ἐγγίγνεται.
1394 1166 1431 1229 Εἰ

280 1272 316 1334 τὸ
333 1270 498 1349 καθαρὸν.
519 1319 525 1332 .
543 1270 593 1332 καὶ
614 1268 691 1346 μετὰ
714 1288 758 1330 πο
782 1318 810 1329 ..
835 1268 999 1346 προειέναι
1022 1267 1102 1330 εοιῖ.
1133 1267 1298 1333 Πιετεύοιε
1325 1269 1361 1331 δὲ
1383 1268 1432 1330 οἴ-

280 1372 476 1436 καιονέἴναι
498 1372 557 1436 τὸν
580 1370 680 1460 νόμον
704 1376 770 1432 τῶν
793 1389 827 1431 τε
849 1369 979 1434 πόλεων
1002 1370 1053 1433 καὶ
1075 1374 1159 1432 θεῶν
1182 1369 1232 1431 καὶ
1256 1369 1362 1448 φίλων
1385 1420 1390 1431 .
1422 1417 1430 1431 .

282 1474 366 1556 φίλῳ
395 1476 430 1537 δέ
459 1473 517 1551 οὐχ
546 1473 590 1535 ὡ(
612 1476 729 1550 τοῦτον
759 1471 1005 1536 ἐπιδεικνύντων
1029 1470 1143 1549 θράεοε
1169 1470 1314 1548 εὐνοίας,
1343 1470 1433 1534 ἀλλὰ

282 1576 332 1638 καὶ
358 1575 484 1638 τούτων
515 1572 716 1651 ὑποδέουειῖ,
751 1573 880 1652 ἔπεμψα
912 1574 950 1636 τὸ
983 1572 1057 1651 πρὶν
1092 1573 1273 1656 έπιτρέψῃτ.
1317 1572 1358 1635 (ir
1391 1573 1433 1635 δὲ

283 1678 360 1754 μηδὲ
382 1697 451 1754 τιμη
475 1727 480 1738 .
505 1676 531 1739 .⁵
556 1677 619 1760 ᾧγε
643 1675 706 1739 ἔδει
728 1676 803 1754 μηδ’
825 1674 916 1740 ἅπαξ.

545 1792 583 1855 V.
607 1796 811 1878 Ἀππιανῷ
836 1794 938 1871 παρὰ
960 1793 1209 1871 Φρόντωνοε.
1341 1865 1356 1875 ⁸

370 1896 436 1959 Οὐκ
464 1896 617 1975 ἀπομήεει
651 1897 708 1973 μέν
744 1895 837 1959 οὐδ’6
866 1895 987 1959 έκεῖνο(
1018 1901 1165 1960 πιθανῶν
1193 1895 1301 1971 λόγων
1324 1894 1432 1960 ὁέτιε.7

285 1999 367 2076 πρὸ(
396 1999 433 2061 τὸ
462 2005 594 2077 πρῶτον
622 1998 783 2075 ἐνθύμημα
817 2002 884 2061 τῶν
919 1996 1003 2059 ὑπὸ8
1031 2000 1087 2059 εοθ
1115 1997 1338 2075 προτεθέντων
1366 1997 1433 2062 ἐνί-

289 2119 403 2175 (ταιτο,
427 2098 472 2161 ὼε
493 2101 535 2177 μὴ
559 2097 645 2162 δέοι9
670 2098 797 2161 έπεεθαι
824 2101 891 2161 τοῐε
915 2101 1033 2162 κοινοῑε
1054 2097 1093 2160 τὰ
1114 2096 1186 2160 ἴδια.
1229 2099 1344 2162 Πολλὰ
1365 2100 1433 2177 γὰρ

290 2201 344 2278 έθη
369 2202 418 2263 καὶ
440 2200 555 2279 νόμιμα
577 2202 668 2264 κοινὰ
696 2202 763 2263 scic
786 2200 914 2263 sidietur
943 2200 992 2262 καὶ
1018 2198 1082 2262 ἴδια
1104 2203 1172 2262 scic
1194 2200 1267 2263 καθ’
1296 2200 1431 2265 έκαετον

371 2324 384 2369 1
404 2317 532 2385 Vestigia
549 2317 578 2369 in
596 2316 696 2371 Codice
714 2316 807 2385 potius
826 2315 930 2369 ducunt
948 2305 1157 2383 μα’ὁνιναῖμην.
1434 2384 1437 2389 ι

372 2408 386 2453 2
404 2402 534 2454 Absurdc
552 2402 616 2453 suni
633 2402 662 2454 ολ
679 2402 776 2454 conire
793 2401 877 2454 fidem
896 2400 1004 2454 Codicis
1022 2417 1093 2467 quae
1112 2400 1201 2453 Maius
1223 2400 1311 2454 edidit
1333 2400 1434 2455 vertitr

286 2502 340 2553 que
359 2485 429 2539 adeo
447 2486 545 2538 latine:
564 2486 630 2537 οὐδὲ
648 2484 767 2552 ὀναίμην
785 2487 852 2542 οὐδέ
870 2503 940 2539 ποτε
960 2486 1029 2552 [δέοι
1047 2486 1086 2543 ωε
1099 2486 1129 2537 ἐν
1142 2492 1184 2552 τῷ
1201 2485 1323 2552 θεάτρῳ]
1344 2488 1433 2551 φαείν

288 2572 331 2638 [ὃς
350 2572 398 2637 μὴ]
420 2572 517 2635 μιεθὸν
536 2571 623 2635 εἶχον,
642 2570 669 2622 ἑξ
687 2570 766 2622 οἴκου
786 2570 825 2623 εἰ(
844 2571 924 2623 οἶκον
943 2571 975 2634 μέ
987 2586 1020 2633 γε
1032 2573 1128 2622 τιθεῑν.
1146 2569 1258 2622 Amicus
1271 2568 1432 2637 descripsit:

639 2722 837 2774 ΠΟΤΕΜΕΟΛ
856 2761 862 2772 .
882 2763 888 2772 .
909 2654 1044 2773 ΑΜΕἴῖἴ-ἴ.έ

641 2788 1028 2842 ΝΕΙΧΟΝΕΞΟΙΚΟΥΦΑΕΙΝ

288 2873 402 2926 collatis
420 2873 453 2925 iis
473 2890 544 2941 quae
562 2873 651 2926 Maius
669 2889 697 2925 se
715 2873 816 2939 legisse
834 2873 969 2938 icebatur,
987 2873 1078 2942 possis
1095 2874 1175 2927 verbi
1193 2891 1289 2927 causa:
1320 2876 1432 2943 οὐδαμῇ

288 2958 456 3026 έργαεαίμην
468 2960 551 3012 οὐδὲν
565 2959 630 3011 οὐδὲ
642 2957 789 3025 ὀνιναῖμην
802 2959 939 3013 οὐδέποτε
952 2959 1016 3012 δέον
1028 2959 1091 3012 τινὰ
1105 2960 1200 3023 μιεθὸν
1219 2960 1298 3012 λιτὸν
1311 2960 1337 3013 ἐξ
1351 2960 1432 3014 οἴκου

288 3047 371 3110 φαεὶν
390 3044 429 3096 εἰ(
448 3046 528 3096 οἶκον
547 3046 700 3109 μετελθεῖν.
730 3042 802 3095 Hlud
821 3048 967 3108 μετελθεῖν
984 3042 1053 3095 mihi
1071 3043 1138 3095 sacis
1157 3045 1263 3096 certum
1275 3042 1384 3096 videtur
1403 3046 1434 3097 et

287 3128 368 3196 posui
384 3127 413 3179 in
429 3129 516 3180 iexiu.
787 3155 789 3159 ·

355 3213 432 3264 sua
449 3211 546 3264 Maius.
581 3211 694 3264 Amicus
712 3210 794 3264 vidit:

906 3280 1074 3333 ΚΑΘΑΡΟ.
1182 3315 1186 3323 ·

644 3389 651 3466 3
672 3387 678 3465 3
699 3389 704 3466 3
725 3389 730 3466 ;
751 3389 757 3466 3
777 3389 785 3466 ,·
805 3389 811 3465 ;
829 3347 1049 3468 succedis·
1070 3389 1075 3467 3

643 3483 698 3535 ΣΟΙ
719 3524 724 3533 ,

289 3565 364 3619 Nihil
383 3563 449 3617 satis
468 3565 574 3617 certum
593 3565 751 3633 exsculpere
768 3564 856 3634 potui.

373 3655 390 3701 4
411 3648 631 3716 Repraesenicvi
657 3649 806 3703 lectionem
828 3649 907 3716 Maii,
939 3650 1006 3718 quia
1031 3666 1087 3703 non
1113 3650 1248 3704 succurrit
1274 3654 1352 3704 cerda
1377 3651 1433 3704 loci

291 3733 455 3787 emendatio.
492 3733 536 3784 Du
552 3732 623 3784 Rieu
640 3732 721 3786 vidit:

627 3976 713 4056 ΔΕ
728 3978 739 4055 .’
787 3977 846 4057 ἴἴἴἴ
846 4006 869 4057 Τ
867 3938 1243 4058 Ὀλῖθλῖιῖτςῖιῖεικνύντων
1265 4007 1364 4071 θράεοε
1388 4007 1433 4059 εὐ-

292 4088 368 4142 νοία(
387 4074 682 4141 ΑΛΛΛΝΑΙΤΟΝΤΩΝ
703 4088 858 4141 ὑποδέουει.
877 4087 974 4140 Malim
991 4089 1063 4142 fere:
1082 4089 1177 4156 φίλων
1195 4090 1225 4141 δέ
1242 4090 1276 4142 οὐ
1295 4095 1433 4144 τοιοῦτον

292 4173 511 4226 ἐπιὸεικνθντων
530 4173 629 4237 θράεοε
648 4171 757 4225 ἐννοῖαε
776 4173 847 4224 ἀλλὰ
866 4174 1069 4228 λανθανόντων
1082 4174 1138 4226 ὑπὸ
1151 4174 1238 4238 δέουε,
1255 4175 1362 4238 ἔπεμψ’
1375 4175 1432 4239 ἐγὼ

292 4260 358 4324 πρὶν
381 4255 538 4322 έπιτρέψηε.
576 4254 785 4318 similitudem
802 4255 956 4325 Iacobsius,
982 4257 1031 4310 scd
1048 4257 1175 4325 praestat
1193 4256 1330 4310 cialibus
1349 4257 1434 4312 absti-

291 4357 357 4396 nere
374 4357 479 4392 manus.

377 4426 453 4478 sua
474 4422 571 4477 Maius.
608 4422 700 4478 Codex
721 4442 793 4477 nunc
810 4424 908 4478 habet:
932 4469 1045 4479 .....
1063 4427 1157 4480 ΠΗΙΕ.
1192 4426 1372 4480 Niebuhrius:
1401 4432 1432 4484 τὺ

292 4512 376 4576 δὲμὴ
395 4511 529 4575 δεύτερον
547 4510 716 4576 ἀποπέμψῃ(
735 4512 792 4579 ῴγε
811 4511 865 4563 ἔδει
884 4513 951 4576 μηδ’
969 4512 1051 4564 ἅπαξ.
1509 4516 1516 4526 ’

377 4600 392 4647 θ
412 4593 477 4646 Cod.
497 4595 550 4646 οὐκ
568 4594 787 4661 ἀπομηεείμενοε
806 4596 836 4648 δὲ
854 4596 892 4648 ἐκ.

377 4677 475 4731 ruod.
495 4677 543 4730 itu.

378 4760 478 4815 cuod.
497 4763 561 4816 ἀπὸ.

378 4845 479 4900 θΟοεῖ.
499 4847 567 4913 δήοι.
