3300 5950
572 790 711 845 LAUDES
733 791 821 845 FUMI
839 791 886 845 ΕΤ
904 791 1087 847 PULVERIS.
1337 796 1401 861 213

262 962 414 1026 iocularia
435 964 571 1044 austere,
595 962 691 1025 fortia
712 961 859 1027 hilariter
881 963 1033 1027 dicenda¹
1058 1013 1364 1030 ..........
1375 978 1398 1029 “.

263 1112 470 1127 .......
480 1063 506 1148 l²
530 1113 537 1127 .
565 1113 571 1128 .
598 1112 605 1126 .
628 1063 722 1126 Modo
745 1063 837 1127 dulce
859 1064 937 1128 illud
959 1066 1180 1148 incorruptum
1203 1065 1246 1129 sit
1265 1067 1321 1129 ac3
1343 1090 1399 1149 pu·

261 1164 377 1246 dicum,
402 1164 617 1228 Tusculanum
640 1164 695 1227 ac⁴
717 1163 879 1247 Ionicum,
903 1166 936 1229 id
959 1168 1007 1229 est
1023 1165 1154 1230 Catonis
1177 1169 1209 1230 et
1225 1166 1399 1231 Herodoti⁵

264 1314 436 1329 ......
482 1265 521 1329 ln
549 1265 634 1329 omni
663 1286 697 1328 re
724 1264 852 1330 facilius
880 1269 928 1330 est
955 1266 1113 1329 rationem
1146 1267 1278 1331 docendi
1306 1289 1399 1332 nosse
1488 1298 1491 1303 >

262 1390 357 1451 quam
379 1368 443 1431 vim
465 1366 581 1450 agendi
604 1366 769 1430 obtinere⁶
786 1418 792 1431 .
811 1417 817 1431 .
837 1416 844 1432 .
864 1418 870 1431 .
941 1417 974 1431 ..
999 1368 1047 1430 cst
1068 1367 1188 1431 multus
1205 1418 1341 1432 ......
1365 1391 1399 1432 re

262 1468 308 1532 sic
330 1471 379 1531 est
400 1468 454 1551 qui
473 1467 597 1543 2⁷sicuti
619 1467 701 1531 bene
722 1467 803 1531 velle
826 1490 864 1532 ac
886 1468 967 1532 bene
988 1468 1128 1552 precari,
1152 1491 1233 1552 quae
1255 1491 1306 1532 res
1323 1491 1399 1535 voce

262 1569 430 1653 animoque
452 1569 521 1633 sine
544 1568 657 1652 opibus
679 1571 938 1652 perpetrantur³.

345 1669 450 1753 Igitur
481 1673 518 1733 ut
544 1671 677 1754 quisque
705 1692 738 1733 se
768 1669 1035 1753 benignissimum
1063 1671 1257 1753 praestabit,
1292 1672 1338 1735 ita
1371 1672 1398 1735 is

260 1771 412 1855 plurimos
434 1770 588 1834 laudabit.
633 1771 702 1834 Nec
731 1774 860 1834 tantum
881 1791 944 1852 eos,
965 1791 1052 1853 quos
1075 1772 1130 1834 alii
1152 1794 1275 1855 quoque
1300 1773 1398 1836 laridi·

260 1873 319 1936 bus
342 1874 417 1935 ante
445 1871 680 1955 decoraverint,
710 1893 821 1935 verum
851 1870 1018 1953 conquiret
1044 1872 1118 1935 deos
1147 1875 1180 1935 et
1207 1874 1352 1937 homines
1380 1898 1399 1937 a

261 1977 437 2037 ceterorum
463 1971 611 2035 laudibus
643 1971 861 2037 relictissimos
894 1972 1003 2055 ibique
1030 1973 1159 2057 signum
1186 1973 1398 2058 benignitatis

261 2077 433 2157 expromat.
479 2072 524 2137 Ut
547 2073 687 2157 agricola
710 2094 822 2157 agrum
845 2073 1004 2137 intactum
1027 2074 1052 2136 si
1077 2077 1234 2156 conserat,
1263 2074 1397 2137 laborio-

260 2198 313 2240 sus
335 2177 398 2257 est3
420 2175 577 2257 sacerdos,
601 2174 626 2237 si
644 2177 721 2256 aput
735 2174 848 2238 fanum
862 2175 1022 2240 desertum
1044 2178 1077 2239 et
1099 2175 1205 2238 avium
1227 2175 1396 2258 sacrificet,

259 2277 426 2361 religiosus
449 2276 530 2340 ear.

343 2377 493 2440 Laudabo
528 2377 628 2460 igitur
666 2376 740 2440 deos
772 2377 991 2461 infrequentes
1026 2378 1154 2460 quidem
1187 2400 1206 2439 a
1238 2377 1396 2461 laudibus,

259 2501 368 2544 verum
398 2479 432 2542 in
459 2500 518 2542 usu
546 2477 695 2561 cultuque
710 2476 864 2542 ‘humano
890 2478 1180 2562 frequentissimos,
1213 2478 1338 2542 fumum
1366 2481 1398 2542 et

258 2581 436 2664 pulverem,
461 2579 531 2643 sine
553 2579 623 2663 quis
645 2600 748 2662 neque
771 2580 864 2643 asae8
891 2601 995 2663 neque
1022 2579 1086 2644 foci
1111 2599 1172 2642 nec
1198 2580 1284 2662 viae,
1315 2580 1397 2662 quod

258 2682 352 2766 volgo
375 2682 475 2762 aiunt,
499 2702 560 2745 nec
582 2680 715 2743 semitae
736 2682 945 2764 usurpantur.

342 2782 458 2857 Quodsi
474 2782 544 2865 quis
559 2781 619 2845 hoc
634 2782 772 2865 primum
788 2782 924 2866 ambigit
931 2783 953 2857 ⁹,
976 2780 1183 2845 habendusne
1193 2780 1219 2820 ¹⁰
1233 2780 1276 2844 sit
1289 2782 1396 2844 fumus
1478 2832 1480 2836 .

257 2888 291 2949 in
313 2904 446 2948 numero
473 2882 618 2964 deorum,
648 2882 768 2966 cogitet
794 2885 907 2945 ventos
934 2903 1057 2964 quoque
1084 2881 1120 2943 in
1146 2882 1239 2944 deum
1265 2904 1397 2945 numero

201 3056 205 3068 ,
258 2987 383 3066 haberi,
412 3004 555 3066 quaeque
577 2986 654 3046 sunt
673 2983 761 3046 fumo
785 2983 975 3065 simillimae,
999 2981 1133 3045 nebulas
1154 2983 1318 3066 nubesque
1339 3006 1395 3066 pu-

257 3087 320 3150 tari
342 3086 416 3148 deas
439 3085 471 3145 et
493 3084 527 3146 in
556 3082 642 3146 caelo
666 3083 823 3166 conspici,
854 3087 901 3166 et,
930 3086 966 3147 ut
987 3085 1101 3166 poetae
1128 3083 1248 3166 ferunt,
1273 3084 1395 3147 amiciri

259 3189 333 3250 deos
355 3183 495 3248 nubibus
503 3197 524 3264 ⁰,
549 3185 581 3246 et
602 3182 670 3246 Iovi
693 3182 872 3267 Iunonique
896 3184 1087 3248 cubantibus
1110 3184 1228 3248 nubem
1250 3184 1291 3247 ab
1313 3185 1395 3248 arbi-

259 3323 460 3338 ,β

344 3407 361 3444 a
379 3392 411 3441 In
429 3390 554 3452 margine:
578 3401 593 3438 1
612 3426 803 3439 ........
827 3385 857 3438 ni
879 3387 922 3438 est
942 3385 1031 3439 multa
1050 3421 1052 3424 <
1055 3425 1219 3439 .......
1242 3401 1272 3438 11
1294 3385 1333 3438 sic
1354 3387 1396 3439 est

258 3476 305 3545 qni
319 3474 390 3529 sicut
407 3473 478 3526 bene
495 3471 566 3525 velle
579 3475 607 3524 et
624 3470 696 3524 bene
714 3469 841 3537 praecari
859 3485 931 3536 quae
949 3484 994 3522 111
1012 3484 1079 3525 voce
1098 3468 1246 3536 animoque
1265 3469 1324 3524 sine
1341 3487 1395 3539 ope

256 3559 443 3632 perpetratur.

339 3644 358 3698 b
377 3646 411 3695 ln
428 3643 553 3707 margine:
586 3637 719 3706 Agricola
737 3666 769 3675 -
787 3635 934 3706 religiosus
952 3636 1001 3691 est.

341 3745 356 3781 c
373 3731 407 3780 In
424 3728 549 3792 margine:
585 3722 622 3775 Ut
638 3722 740 3791 poetae
758 3751 792 3760 —
808 3720 937 3774 nubibus.

342 3895 354 3940 1
374 3887 518 3944 Sententia
536 3907 552 3944 1
569 3889 703 3958 margine,
721 3906 806 3956 quam
823 3889 916 3944 Maius
930 3888 1060 3958 expedire
1077 3904 1133 3942 non
1150 3889 1249 3958 potuit.

341 3979 356 4026 2
375 3970 504 4039 Sequitur
521 3973 586 4028 Cod.
606 3992 633 4043 p.
647 3978 705 4040 254,
723 3990 804 4028 erasa
821 3975 934 4043 praeter
951 3990 1041 4042 pauca
1058 3974 1196 4040 quaedam
1212 3974 1242 4027 in
1258 3973 1392 4042 margine.

341 4066 356 4112 3
374 4057 462 4111 Maius
480 4067 513 4110 et.

341 4148 357 4195 4
374 4141 463 4195 Maius
481 4153 513 4196 et.

341 4231 357 4280 5
375 4225 551 4280 Sententiae
569 4224 703 4292 margine.

341 4315 356 4362 6
376 4309 519 4364 Sententia
536 4326 551 4363 e
568 4308 702 4378 margine.

342 4399 356 4447 7
374 4393 474 4462 Incipit
492 4392 557 4448 aod.
577 4411 604 4462 p.
623 4399 681 4448 253.

341 4482 357 4530 8
376 4476 415 4530 Cf.
438 4477 507 4532 aen.
526 4477 573 4532 IV.
592 4484 616 4532 3.
651 4476 775 4533 Maerob.
794 4476 903 4532 Saturn.
923 4479 970 4531 ΙΙΙ.
990 4484 1014 4531 2.
1034 4476 1108 4531 Serv.
1128 4478 1165 4531 ad
1182 4479 1250 4531 Aen.
1269 4477 1315 4530 IV.
1335 4484 1391 4534 219.

257 4567 352 4615 alania
384 4561 558 4616 Ecksteinius
576 4561 655 4616 addit
672 4561 764 4627 Quint.
784 4562 804 4614 Ι.
823 4568 847 4615 4.
868 4568 899 4616 13
921 4560 1024 4619 econi.
1066 4560 1171 4630 Samii,
1189 4579 1272 4630 quam
1289 4563 1393 4632 probat

257 4646 441 4700 Buttmannus
457 4645 487 4699 in
505 4645 647 4716 Spalding.
666 4645 758 4713 Quint.
778 4647 809 4700 Τ.
829 4646 867 4700 IV
884 4665 911 4716 p.
930 4646 976 4700 XI.

341 4737 357 4784 9
376 4729 480 4784 Codex:
499 4733 602 4798 abicit.)

326 4822 357 4870 10
375 4813 480 4870 Codex:
502 4817 667 4870 tetendisse.
