<?xml version="1.0" encoding="UTF-8"?>
<!DOCTYPE html PUBLIC "-//W3C//DTD XHTML 1.0 Transitional//EN"
    "http://www.w3.org/TR/xhtml1/DTD/xhtml1-transitional.dtd">
<html xmlns="http://www.w3.org/1999/xhtml" xml:lang="en" lang="en">
 <head>
  <title>
</title>
<meta http-equiv="Content-Type" content="text/html;charset=utf-8" />
  <meta name='ocr-system' content='tesseract 3.04.00' />
  <meta name='ocr-capabilities' content='ocr_page ocr_carea ocr_par ocr_line ocrx_word'/>
</head>
<body>
  <div class='ocr_page' id='page_1' title='image "./mcorneliifronto01frongoog/mcorneliifronto01frongoog_0224.png"; bbox 0 0 3300 5950; ppageno 0'>
   <div class='ocr_carea' id='block_1_1' title="bbox 282 761 1203 833">
    <p class='ocr_par' dir='ltr' id='par_1_1' title="bbox 282 761 1203 833">
     <span class='ocr_line' id='line_1_1' title="bbox 282 761 1203 833; baseline -0.018 0"><span class='ocrx_word' id='word_1_1' title='bbox 282 769 343 833; x_wconf 88' lang='grc'>184</span> <span class='ocrx_word' id='word_1_2' title='bbox 488 766 525 821; x_wconf 91' lang='grc' dir='ltr'>Μ.</span> <span class='ocrx_word' id='word_1_3' title='bbox 537 764 705 821; x_wconf 79' lang='lat' dir='ltr'>CORNELII</span> <span class='ocrx_word' id='word_1_4' title='bbox 722 761 929 819; x_wconf 81' lang='lat' dir='ltr'>FRONTONIS</span> <span class='ocrx_word' id='word_1_5' title='bbox 947 762 1203 818; x_wconf 82' lang='lat' dir='ltr'><strong>EPISTULARUM</strong></span> 
     </span>
    </p>
   </div>
   <div class='ocr_carea' id='block_1_2' title="bbox 281 933 1422 1223">
    <p class='ocr_par' dir='ltr' id='par_1_2' title="bbox 281 933 1422 1223">
     <span class='ocr_line' id='line_1_2' title="bbox 282 933 1421 1021; baseline -0.003 -21"><span class='ocrx_word' id='word_1_6' title='bbox 282 938 376 1021; x_wconf 81' lang='lat' dir='ltr'>quid¹</span> <span class='ocrx_word' id='word_1_7' title='bbox 398 938 433 1000; x_wconf 91' lang='lat' dir='ltr'>in</span> <span class='ocrx_word' id='word_1_8' title='bbox 456 936 551 999; x_wconf 85' lang='lat' dir='ltr'>simili</span> <span class='ocrx_word' id='word_1_9' title='bbox 573 958 608 999; x_wconf 94' lang='lat' dir='ltr'>re</span> <span class='ocrx_word' id='word_1_10' title='bbox 629 935 672 1000; x_wconf 88' lang='lat' dir='ltr'>M.</span> <span class='ocrx_word' id='word_1_11' title='bbox 695 935 818 999; x_wconf 83' lang='lat' dir='ltr'>Tullius</span> <span class='ocrx_word' id='word_1_12' title='bbox 845 957 904 1019; x_wconf 88' lang='lat' dir='ltr'>pro</span> <span class='ocrx_word' id='word_1_13' title='bbox 926 934 982 998; x_wconf 78' lang='lat' dir='ltr'>L.²</span> <span class='ocrx_word' id='word_1_14' title='bbox 1005 933 1092 1017; x_wconf 82' lang='lat' dir='ltr'>Sylla</span> <span class='ocrx_word' id='word_1_15' title='bbox 1115 935 1243 1019; x_wconf 78' lang='lat' dir='ltr'>egregie</span> <span class='ocrx_word' id='word_1_16' title='bbox 1266 934 1421 998; x_wconf 87' lang='lat' dir='ltr'>scribtum</span> 
     </span>
     <span class='ocr_line' id='line_1_3' title="bbox 281 1036 1422 1122; baseline -0.003 -20"><span class='ocrx_word' id='word_1_17' title='bbox 281 1039 425 1122; x_wconf 93' lang='lat' dir='ltr'>reliquit:</span> <span class='ocrx_word' id='word_1_18' title='bbox 454 1060 520 1101; x_wconf 91' lang='lat' dir='ltr'>non</span> <span class='ocrx_word' id='word_1_19' title='bbox 542 1040 578 1101; x_wconf 95' lang='lat' dir='ltr'>ut</span> <span class='ocrx_word' id='word_1_20' title='bbox 599 1059 658 1120; x_wconf 90' lang='lat' dir='ltr'>par</span> <span class='ocrx_word' id='word_1_21' title='bbox 679 1039 749 1121; x_wconf 88' lang='lat' dir='ltr'>pari</span> <span class='ocrx_word' id='word_1_22' title='bbox 773 1058 946 1119; x_wconf 89' lang='lat' dir='ltr'>compares,</span> <span class='ocrx_word' id='word_1_23' title='bbox 971 1036 1025 1099; x_wconf 91' lang='lat' dir='ltr'>sed</span> <span class='ocrx_word' id='word_1_24' title='bbox 1048 1039 1084 1099; x_wconf 92' lang='lat' dir='ltr'>ut</span> <span class='ocrx_word' id='word_1_25' title='bbox 1106 1037 1253 1100; x_wconf 76' lang='lat' dir='ltr'>aestimes</span> <span class='ocrx_word' id='word_1_26' title='bbox 1276 1039 1422 1099; x_wconf 89' lang='lat' dir='ltr'>nostrum</span> 
     </span>
     <span class='ocr_line' id='line_1_4' title="bbox 281 1137 1421 1223; baseline -0.003 -21"><span class='ocrx_word' id='word_1_27' title='bbox 281 1141 440 1204; x_wconf 83' lang='lat' dir='ltr'>mediocre</span> <span class='ocrx_word' id='word_1_28' title='bbox 468 1139 636 1223; x_wconf 84' lang='lat' dir='ltr'>ingenium</span> <span class='ocrx_word' id='word_1_29' title='bbox 658 1141 814 1222; x_wconf 88' lang='lat' dir='ltr'>quantum</span> <span class='ocrx_word' id='word_1_30' title='bbox 837 1137 877 1201; x_wconf 89' lang='lat' dir='ltr'>ab</span> <span class='ocrx_word' id='word_1_31' title='bbox 899 1137 954 1200; x_wconf 92' lang='lat' dir='ltr'>illo</span> <span class='ocrx_word' id='word_1_32' title='bbox 977 1137 1110 1200; x_wconf 86' lang='lat' dir='ltr'>eximiae</span> <span class='ocrx_word' id='word_1_33' title='bbox 1131 1137 1331 1220; x_wconf 74' lang='lat' dir='ltr'>eloquentiae</span> <span class='ocrx_word' id='word_1_34' title='bbox 1354 1138 1421 1200; x_wconf 88' lang='lat' dir='ltr'>viro</span> 
     </span>
    </p>
   </div>
   <div class='ocr_carea' id='block_1_3' title="bbox 283 1242 1304 1439">
    <p class='ocr_par' dir='ltr' id='par_1_3' title="bbox 283 1242 1304 1439">
     <span class='ocr_line' id='line_1_5' title="bbox 283 1242 423 1305; baseline 0 -1"><span class='ocrx_word' id='word_1_35' title='bbox 283 1242 423 1305; x_wconf 83' lang='lat' dir='ltr'>abfuat3.</span> 
     </span>
     <span class='ocr_line' id='line_1_6' title="bbox 392 1352 1304 1439; baseline -0.003 -14"><span class='ocrx_word' id='word_1_36' title='bbox 392 1359 471 1425; x_wconf 84' lang='lat' dir='ltr'>XV.</span> <span class='ocrx_word' id='word_1_37' title='bbox 508 1358 644 1424; x_wconf 87' lang='lat' dir='ltr'>Fronto</span> <span class='ocrx_word' id='word_1_38' title='bbox 666 1357 845 1422; x_wconf 85' lang='lat' dir='ltr'>Praecilio</span> <span class='ocrx_word' id='word_1_39' title='bbox 868 1357 1103 1439; x_wconf 74' lang='lat' dir='ltr'>Pompeiano⁴</span> <span class='ocrx_word' id='word_1_40' title='bbox 1127 1352 1304 1423; x_wconf 84' lang='lat' dir='ltr'>Salutem.</span> 
     </span>
    </p>
   </div>
   <div class='ocr_carea' id='block_1_4' title="bbox 268 1477 1427 3590">
    <p class='ocr_par' dir='ltr' id='par_1_4' title="bbox 268 1477 1427 3590">
     <span class='ocr_line' id='line_1_7' title="bbox 366 1477 1422 1560; baseline -0.001 -19"><span class='ocrx_word' id='word_1_41' title='bbox 366 1477 487 1541; x_wconf 85' lang='lat' dir='ltr'>Verum</span> <span class='ocrx_word' id='word_1_42' title='bbox 510 1499 547 1540; x_wconf 90' lang='lat' dir='ltr'>ex</span> <span class='ocrx_word' id='word_1_43' title='bbox 569 1499 631 1559; x_wconf 91' lang='lat' dir='ltr'>me,</span> <span class='ocrx_word' id='word_1_44' title='bbox 654 1478 699 1540; x_wconf 93' lang='lat' dir='ltr'>mi</span> <span class='ocrx_word' id='word_1_45' title='bbox 720 1477 925 1559; x_wconf 84' lang='lat' dir='ltr'>Pompeiane,</span> <span class='ocrx_word' id='word_1_46' title='bbox 949 1477 997 1539; x_wconf 91' lang='lat' dir='ltr'>uti</span> <span class='ocrx_word' id='word_1_47' title='bbox 1019 1497 1070 1539; x_wconf 90' lang='lat' dir='ltr'>res</span> <span class='ocrx_word' id='word_1_48' title='bbox 1093 1479 1142 1539; x_wconf 91' lang='lat' dir='ltr'>est</span> <span class='ocrx_word' id='word_1_49' title='bbox 1164 1477 1288 1560; x_wconf 69' lang='lat' dir='ltr'>audies,</span> <span class='ocrx_word' id='word_1_50' title='bbox 1314 1478 1422 1540; x_wconf 90' lang='lat' dir='ltr'>velim-</span> 
     </span>
     <span class='ocr_line' id='line_1_8' title="bbox 283 1576 1423 1663; baseline -0.001 -20"><span class='ocrx_word' id='word_1_51' title='bbox 283 1602 344 1663; x_wconf 91' lang='lat' dir='ltr'>que</span> <span class='ocrx_word' id='word_1_52' title='bbox 365 1583 398 1642; x_wconf 89' lang='lat' dir='ltr'>te</span> <span class='ocrx_word' id='word_1_53' title='bbox 421 1579 501 1641; x_wconf 92' lang='lat' dir='ltr'>mihi</span> <span class='ocrx_word' id='word_1_54' title='bbox 524 1577 669 1663; x_wconf 66' lang='lat' dir='ltr'>veruml⁵</span> <span class='ocrx_word' id='word_1_55' title='bbox 692 1578 812 1641; x_wconf 93' lang='lat' dir='ltr'>dicenti</span> <span class='ocrx_word' id='word_1_56' title='bbox 835 1578 930 1641; x_wconf 91' lang='lat' dir='ltr'>fidem</span> <span class='ocrx_word' id='word_1_57' title='bbox 944 1576 1073 1641; x_wconf 87' lang='lat' dir='ltr'>habere.</span> <span class='ocrx_word' id='word_1_58' title='bbox 1119 1578 1305 1642; x_wconf 77' lang='lat' dir='ltr'>Orationem</span> <span class='ocrx_word' id='word_1_59' title='bbox 1326 1579 1423 1642; x_wconf 90' lang='lat' dir='ltr'>istam</span> 
     </span>
     <span class='ocr_line' id='line_1_9' title="bbox 282 1679 1422 1765; baseline 0 -21"><span class='ocrx_word' id='word_1_60' title='bbox 282 1702 340 1765; x_wconf 88' lang='lat' dir='ltr'>pro</span> <span class='ocrx_word' id='word_1_61' title='bbox 364 1679 515 1764; x_wconf 87' lang='lat' dir='ltr'>Bithynis</span> <span class='ocrx_word' id='word_1_62' title='bbox 544 1682 619 1742; x_wconf 90' lang='lat' dir='ltr'>ante</span> <span class='ocrx_word' id='word_1_63' title='bbox 648 1701 769 1742; x_wconf 87' lang='lat' dir='ltr'>annum</span> <span class='ocrx_word' id='word_1_64' title='bbox 798 1679 866 1742; x_wconf 84' lang='lat' dir='ltr'>fere</span> <span class='ocrx_word' id='word_1_65' title='bbox 888 1680 923 1743; x_wconf 92' lang='lat' dir='ltr'>in</span> <span class='ocrx_word' id='word_1_66' title='bbox 945 1701 1059 1742; x_wconf 88' lang='lat' dir='ltr'>manus</span> <span class='ocrx_word' id='word_1_67' title='bbox 1082 1701 1279 1762; x_wconf 84' lang='lat' dir='ltr'>sumpseram</span> <span class='ocrx_word' id='word_1_68' title='bbox 1302 1684 1334 1744; x_wconf 93' lang='lat' dir='ltr'>et</span> <span class='ocrx_word' id='word_1_69' title='bbox 1357 1702 1422 1744; x_wconf 90' lang='lat' dir='ltr'>cor-</span> 
     </span>
     <span class='ocr_line' id='line_1_10' title="bbox 283 1774 1423 1865; baseline -0.001 -20"><span class='ocrx_word' id='word_1_70' title='bbox 283 1781 388 1865; x_wconf 87' lang='lat' dir='ltr'>rigere</span> <span class='ocrx_word' id='word_1_71' title='bbox 403 1774 624 1844; x_wconf 82' lang='lat' dir='ltr'>institueram.</span> <span class='ocrx_word' id='word_1_72' title='bbox 655 1780 728 1844; x_wconf 82' lang='lat' dir='ltr'>Tibi</span> <span class='ocrx_word' id='word_1_73' title='bbox 750 1780 849 1845; x_wconf 89' lang='lat' dir='ltr'>etiam</span> <span class='ocrx_word' id='word_1_74' title='bbox 871 1780 992 1843; x_wconf 91' lang='lat' dir='ltr'>Rornae</span> <span class='ocrx_word' id='word_1_75' title='bbox 1018 1782 1096 1843; x_wconf 88' lang='lat' dir='ltr'>tunc</span> <span class='ocrx_word' id='word_1_76' title='bbox 1119 1782 1229 1863; x_wconf 89' lang='lat' dir='ltr'>agenti</span> <span class='ocrx_word' id='word_1_77' title='bbox 1251 1782 1423 1845; x_wconf 71' lang='lat' dir='ltr'>nonnihil6</span> 
     </span>
     <span class='ocr_line' id='line_1_11' title="bbox 284 1882 1421 1966; baseline -0.001 -19"><span class='ocrx_word' id='word_1_78' title='bbox 284 1884 322 1947; x_wconf 91' lang='lat' dir='ltr'>de</span> <span class='ocrx_word' id='word_1_79' title='bbox 349 1884 412 1946; x_wconf 90' lang='lat' dir='ltr'>ista</span> <span class='ocrx_word' id='word_1_80' title='bbox 440 1883 584 1945; x_wconf 87' lang='lat' dir='ltr'>oratione</span> <span class='ocrx_word' id='word_1_81' title='bbox 606 1884 824 1965; x_wconf 88' lang='lat' dir='ltr'>promiseram.</span> <span class='ocrx_word' id='word_1_82' title='bbox 869 1882 914 1945; x_wconf 75' lang='lat' dir='ltr'>nt</span> <span class='ocrx_word' id='word_1_83' title='bbox 935 1883 1081 1965; x_wconf 86' lang='lat' dir='ltr'>quidem,</span> <span class='ocrx_word' id='word_1_84' title='bbox 1111 1882 1251 1954; x_wconf 89' lang='lat' dir='ltr'>sirecte</span> <span class='ocrx_word' id='word_1_85' title='bbox 1279 1884 1421 1966; x_wconf 89' lang='lat' dir='ltr'>memini,</span> 
     </span>
     <span class='ocr_line' id='line_1_12' title="bbox 284 1983 1421 2067; baseline -0.001 -18"><span class='ocrx_word' id='word_1_86' title='bbox 284 1985 373 2049; x_wconf 82' lang='lat' dir='ltr'>cmn⁷</span> <span class='ocrx_word' id='word_1_87' title='bbox 391 2005 494 2047; x_wconf 87' lang='lat' dir='ltr'>sermo</span> <span class='ocrx_word' id='word_1_88' title='bbox 509 1983 595 2046; x_wconf 90' lang='lat' dir='ltr'>inter</span> <span class='ocrx_word' id='word_1_89' title='bbox 610 2004 668 2047; x_wconf 88' lang='lat' dir='ltr'>nos</span> <span class='ocrx_word' id='word_1_90' title='bbox 684 1984 723 2047; x_wconf 92' lang='lat' dir='ltr'>de</span> <span class='ocrx_word' id='word_1_91' title='bbox 744 1984 993 2067; x_wconf 79' lang='lat' dir='ltr'>partitionibus⁸</span> <span class='ocrx_word' id='word_1_92' title='bbox 1014 1983 1195 2046; x_wconf 90' lang='lat' dir='ltr'>orationum</span> <span class='ocrx_word' id='word_1_93' title='bbox 1217 1987 1306 2047; x_wconf 88' lang='lat' dir='ltr'>ortus</span> <span class='ocrx_word' id='word_1_94' title='bbox 1329 1988 1421 2067; x_wconf 88' lang='lat' dir='ltr'>esset,</span> 
     </span>
     <span class='ocr_line' id='line_1_13' title="bbox 284 2083 1423 2169; baseline 0 -20"><span class='ocrx_word' id='word_1_95' title='bbox 284 2087 425 2150; x_wconf 86' lang='lat' dir='ltr'>dixeram</span> <span class='ocrx_word' id='word_1_96' title='bbox 449 2088 482 2148; x_wconf 92' lang='lat' dir='ltr'>et</span> <span class='ocrx_word' id='word_1_97' title='bbox 502 2107 579 2168; x_wconf 88' lang='lat' dir='ltr'>prae</span> <span class='ocrx_word' id='word_1_98' title='bbox 601 2107 652 2149; x_wconf 92' lang='lat' dir='ltr'>me</span> <span class='ocrx_word' id='word_1_99' title='bbox 674 2089 820 2167; x_wconf 89' lang='lat' dir='ltr'>tuleram,</span> <span class='ocrx_word' id='word_1_100' title='bbox 845 2085 923 2148; x_wconf 89' lang='lat' dir='ltr'>satis</span> <span class='ocrx_word' id='word_1_101' title='bbox 945 2106 996 2149; x_wconf 88' lang='lat' dir='ltr'>me</span> <span class='ocrx_word' id='word_1_102' title='bbox 1018 2083 1191 2169; x_wconf 89' lang='lat' dir='ltr'>diligenter</span> <span class='ocrx_word' id='word_1_103' title='bbox 1213 2086 1248 2148; x_wconf 91' lang='lat' dir='ltr'>in</span> <span class='ocrx_word' id='word_1_104' title='bbox 1270 2086 1333 2150; x_wconf 89' lang='lat' dir='ltr'>ista</span> <span class='ocrx_word' id='word_1_105' title='bbox 1355 2109 1423 2150; x_wconf 90' lang='lat' dir='ltr'>ora-</span> 
     </span>
     <span class='ocr_line' id='line_1_14' title="bbox 283 2185 1424 2270; baseline 0 -19"><span class='ocrx_word' id='word_1_106' title='bbox 283 2188 371 2251; x_wconf 91' lang='lat' dir='ltr'>tione</span> <span class='ocrx_word' id='word_1_107' title='bbox 395 2186 640 2269; x_wconf 65' lang='lat' dir='ltr'>coniecturaml,</span> <span class='ocrx_word' id='word_1_108' title='bbox 665 2186 796 2270; x_wconf 90' lang='lat' dir='ltr'>quaein</span> <span class='ocrx_word' id='word_1_109' title='bbox 812 2185 945 2249; x_wconf 87' lang='lat' dir='ltr'>crimine</span> <span class='ocrx_word' id='word_1_110' title='bbox 966 2187 1137 2249; x_wconf 88' lang='lat' dir='ltr'>mandatae</span> <span class='ocrx_word' id='word_1_111' title='bbox 1160 2187 1265 2250; x_wconf 86' lang='lat' dir='ltr'>caedis</span> <span class='ocrx_word' id='word_1_112' title='bbox 1287 2191 1424 2251; x_wconf 75' lang='lat' dir='ltr'>vertere-</span> 
     </span>
     <span class='ocr_line' id='line_1_15' title="bbox 283 2288 1424 2372; baseline 0.001 -20"><span class='ocrx_word' id='word_1_113' title='bbox 283 2292 346 2370; x_wconf 90' lang='lat' dir='ltr'>tur,</span> <span class='ocrx_word' id='word_1_114' title='bbox 371 2288 514 2351; x_wconf 86' lang='lat' dir='ltr'>divisisse</span> <span class='ocrx_word' id='word_1_115' title='bbox 537 2288 735 2372; x_wconf 86' lang='lat' dir='ltr'>argumentis</span> <span class='ocrx_word' id='word_1_116' title='bbox 758 2310 796 2351; x_wconf 90' lang='lat' dir='ltr'>ac</span> <span class='ocrx_word' id='word_1_117' title='bbox 818 2288 984 2352; x_wconf 84' lang='lat' dir='ltr'>refutasse.</span> <span class='ocrx_word' id='word_1_118' title='bbox 1029 2288 1158 2351; x_wconf 88' lang='lat' dir='ltr'>Interea</span> <span class='ocrx_word' id='word_1_119' title='bbox 1179 2311 1350 2352; x_wconf 89' lang='lat' dir='ltr'>nervorum</span> <span class='ocrx_word' id='word_1_120' title='bbox 1372 2290 1424 2353; x_wconf 91' lang='lat' dir='ltr'>do-</span> 
     </span>
     <span class='ocr_line' id='line_1_16' title="bbox 283 2389 1424 2473; baseline 0.002 -21"><span class='ocrx_word' id='word_1_121' title='bbox 283 2390 332 2453; x_wconf 88' lang='lat' dir='ltr'>lor</span> <span class='ocrx_word' id='word_1_122' title='bbox 355 2389 448 2453; x_wconf 91' lang='lat' dir='ltr'>solito</span> <span class='ocrx_word' id='word_1_123' title='bbox 470 2389 688 2453; x_wconf 82' lang='lat' dir='ltr'>vehementior</span> <span class='ocrx_word' id='word_1_124' title='bbox 709 2411 760 2453; x_wconf 91' lang='lat' dir='ltr'>me</span> <span class='ocrx_word' id='word_1_125' title='bbox 781 2389 910 2473; x_wconf 88' lang='lat' dir='ltr'>invasit,</span> <span class='ocrx_word' id='word_1_126' title='bbox 935 2392 968 2452; x_wconf 90' lang='lat' dir='ltr'>et</span> <span class='ocrx_word' id='word_1_127' title='bbox 989 2389 1108 2452; x_wconf 88' lang='lat' dir='ltr'>diutius</span> <span class='ocrx_word' id='word_1_128' title='bbox 1132 2411 1169 2453; x_wconf 87' lang='lat' dir='ltr'>ac</span> <span class='ocrx_word' id='word_1_129' title='bbox 1190 2389 1354 2454; x_wconf 90' lang='lat' dir='ltr'>molestius</span> <span class='ocrx_word' id='word_1_130' title='bbox 1377 2413 1424 2454; x_wconf 89' lang='lat' dir='ltr'>so·</span> 
     </span>
     <span class='ocr_line' id='line_1_17' title="bbox 284 2490 1425 2574; baseline 0.002 -21"><span class='ocrx_word' id='word_1_131' title='bbox 284 2491 342 2555; x_wconf 91' lang='lat' dir='ltr'>lito</span> <span class='ocrx_word' id='word_1_132' title='bbox 369 2493 547 2555; x_wconf 87' lang='lat' dir='ltr'>remoratus</span> <span class='ocrx_word' id='word_1_133' title='bbox 574 2495 632 2553; x_wconf 92' lang='lat' dir='ltr'>est.</span> <span class='ocrx_word' id='word_1_134' title='bbox 677 2490 746 2555; x_wconf 88' lang='lat' dir='ltr'>Nec</span> <span class='ocrx_word' id='word_1_135' title='bbox 778 2512 909 2574; x_wconf 91' lang='lat' dir='ltr'>possum</span> <span class='ocrx_word' id='word_1_136' title='bbox 936 2511 1001 2574; x_wconf 73' lang='lat' dir='ltr'>,ego</span> <span class='ocrx_word' id='word_1_137' title='bbox 1028 2491 1178 2554; x_wconf 84' lang='lat' dir='ltr'>membris</span> <span class='ocrx_word' id='word_1_138' title='bbox 1208 2492 1425 2555; x_wconf 87' lang='lat' dir='ltr'>cruciantibus</span> 
     </span>
     <span class='ocr_line' id='line_1_18' title="bbox 285 2591 1425 2676; baseline 0 -20"><span class='ocrx_word' id='word_1_139' title='bbox 285 2615 415 2676; x_wconf 87' lang='lat' dir='ltr'>operam</span> <span class='ocrx_word' id='word_1_140' title='bbox 442 2593 541 2656; x_wconf 91' lang='lat' dir='ltr'>ullam</span> <span class='ocrx_word' id='word_1_141' title='bbox 568 2592 685 2655; x_wconf 92' lang='lat' dir='ltr'>litteris</span> <span class='ocrx_word' id='word_1_142' title='bbox 713 2591 890 2656; x_wconf 82' lang='lat' dir='ltr'>scribendis</span> <span class='ocrx_word' id='word_1_143' title='bbox 918 2591 1101 2676; x_wconf 85' lang='lat' dir='ltr'>legendisve</span> <span class='ocrx_word' id='word_1_144' title='bbox 1133 2593 1331 2675; x_wconf 82' lang='lat' dir='ltr'>impendere3</span> <span class='ocrx_word' id='word_1_145' title='bbox 1364 2615 1425 2656; x_wconf 93' lang='lat' dir='ltr'>nec</span> 
     </span>
     <span class='ocr_line' id='line_1_19' title="bbox 268 2693 1425 2777; baseline 0 -20"><span class='ocrx_word' id='word_1_146' title='bbox 268 2715 437 2777; x_wconf 57' lang='lat' dir='ltr'>&gt;umquam</span> <span class='ocrx_word' id='word_1_147' title='bbox 458 2694 542 2756; x_wconf 88' lang='lat' dir='ltr'>istuc</span> <span class='ocrx_word' id='word_1_148' title='bbox 565 2716 583 2757; x_wconf 90' lang='lat' dir='ltr'>a</span> <span class='ocrx_word' id='word_1_149' title='bbox 604 2715 654 2756; x_wconf 89' lang='lat' dir='ltr'>me</span> <span class='ocrx_word' id='word_1_150' title='bbox 676 2694 839 2776; x_wconf 89' lang='lat' dir='ltr'>postulare</span> <span class='ocrx_word' id='word_1_151' title='bbox 862 2715 957 2757; x_wconf 90' lang='lat' dir='ltr'>ausus</span> <span class='ocrx_word' id='word_1_152' title='bbox 980 2716 1059 2757; x_wconf 90' lang='lat' dir='ltr'>sum.</span> <span class='ocrx_word' id='word_1_153' title='bbox 1104 2693 1305 2777; x_wconf 87' lang='lat' dir='ltr'>Philosophis</span> <span class='ocrx_word' id='word_1_154' title='bbox 1329 2695 1425 2757; x_wconf 90' lang='lat' dir='ltr'>etiam</span> 
     </span>
     <span class='ocr_line' id='line_1_20' title="bbox 285 2794 1425 2877; baseline -0.001 -18"><span class='ocrx_word' id='word_1_155' title='bbox 285 2795 428 2859; x_wconf 89' lang='lat' dir='ltr'>mirificis</span> <span class='ocrx_word' id='word_1_156' title='bbox 461 2794 644 2858; x_wconf 88' lang='lat' dir='ltr'>hominibus</span> <span class='ocrx_word' id='word_1_157' title='bbox 677 2794 874 2877; x_wconf 90' lang='lat' dir='ltr'>dicentibus,</span> <span class='ocrx_word' id='word_1_158' title='bbox 910 2795 1088 2877; x_wconf 87' lang='lat' dir='ltr'>sapientem</span> <span class='ocrx_word' id='word_1_159' title='bbox 1126 2796 1228 2858; x_wconf 90' lang='lat' dir='ltr'>virum</span> <span class='ocrx_word' id='word_1_160' title='bbox 1261 2796 1358 2859; x_wconf 91' lang='lat' dir='ltr'>etiam</span> <span class='ocrx_word' id='word_1_161' title='bbox 1390 2796 1425 2858; x_wconf 89' lang='lat' dir='ltr'>in</span> 
     </span>
     <span class='ocr_line' id='line_1_21' title="bbox 285 2895 1425 2980; baseline 0 -20"><span class='ocrx_word' id='word_1_162' title='bbox 285 2895 499 2960; x_wconf 85' lang='lat' dir='ltr'>Phalaridis¹⁰</span> <span class='ocrx_word' id='word_1_163' title='bbox 511 2896 604 2959; x_wconf 83' lang='lat' dir='ltr'>tauro</span> <span class='ocrx_word' id='word_1_164' title='bbox 618 2896 778 2959; x_wconf 88' lang='lat' dir='ltr'>inclusum</span> <span class='ocrx_word' id='word_1_165' title='bbox 795 2896 926 2960; x_wconf 88' lang='lat' dir='ltr'>beatum</span> <span class='ocrx_word' id='word_1_166' title='bbox 940 2895 1149 2960; x_wconf 89' lang='lat' dir='ltr'>nihilominus</span> <span class='ocrx_word' id='word_1_167' title='bbox 1163 2897 1276 2980; x_wconf 87' lang='lat' dir='ltr'>fore¹¹,</span> <span class='ocrx_word' id='word_1_168' title='bbox 1299 2897 1425 2960; x_wconf 84' lang='lat' dir='ltr'>facilius</span> 
     </span>
     <span class='ocr_line' id='line_1_22' title="bbox 287 2998 1426 3082; baseline 0 -20"><span class='ocrx_word' id='word_1_169' title='bbox 287 2998 475 3063; x_wconf 88' lang='lat' dir='ltr'>crediderim</span> <span class='ocrx_word' id='word_1_170' title='bbox 497 2998 627 3061; x_wconf 89' lang='lat' dir='ltr'>beatum</span> <span class='ocrx_word' id='word_1_171' title='bbox 649 3020 722 3062; x_wconf 92' lang='lat' dir='ltr'>eum</span> <span class='ocrx_word' id='word_1_172' title='bbox 742 2999 821 3082; x_wconf 89' lang='lat' dir='ltr'>fore,</span> <span class='ocrx_word' id='word_1_173' title='bbox 846 3020 942 3082; x_wconf 88' lang='lat' dir='ltr'>quam</span> <span class='ocrx_word' id='word_1_174' title='bbox 963 3020 1055 3082; x_wconf 89' lang='lat' dir='ltr'>posse</span> <span class='ocrx_word' id='word_1_175' title='bbox 1070 2999 1230 3082; x_wconf 86' lang='lat' dir='ltr'>tantisper</span> <span class='ocrx_word' id='word_1_176' title='bbox 1245 3000 1426 3062; x_wconf 85' lang='lat' dir='ltr'>amburenti</span> 
     </span>
     <span class='ocr_line' id='line_1_23' title="bbox 286 3099 1424 3185; baseline 0.002 -22"><span class='ocrx_word' id='word_1_177' title='bbox 286 3101 321 3164; x_wconf 93' lang='lat' dir='ltr'>in</span> <span class='ocrx_word' id='word_1_178' title='bbox 350 3099 452 3164; x_wconf 90' lang='lat' dir='ltr'>aheno</span> <span class='ocrx_word' id='word_1_179' title='bbox 480 3099 868 3183; x_wconf 88' lang='lat' dir='ltr'>prohoemiummeditari</span> <span class='ocrx_word' id='word_1_180' title='bbox 908 3102 964 3163; x_wconf 91' lang='lat' dir='ltr'>aut</span> <span class='ocrx_word' id='word_1_181' title='bbox 987 3100 1253 3185; x_wconf 78' lang='lat' dir='ltr'>epigrammata¹²</span> <span class='ocrx_word' id='word_1_182' title='bbox 1276 3102 1424 3165; x_wconf 79' lang='lat' dir='ltr'>scribere.</span> 
     </span>
     <span class='ocr_line' id='line_1_24' title="bbox 286 3200 1425 3285; baseline 0 -20"><span class='ocrx_word' id='word_1_183' title='bbox 286 3200 507 3265; x_wconf 84' lang='lat' dir='ltr'>Reconciliata</span> <span class='ocrx_word' id='word_1_184' title='bbox 529 3201 643 3265; x_wconf 92' lang='lat' dir='ltr'>deinde</span> <span class='ocrx_word' id='word_1_185' title='bbox 664 3201 745 3266; x_wconf 91' lang='lat' dir='ltr'>mihi</span> <span class='ocrx_word' id='word_1_186' title='bbox 766 3202 865 3285; x_wconf 85' lang='lat' dir='ltr'>longo</span> <span class='ocrx_word' id='word_1_187' title='bbox 892 3204 966 3284; x_wconf 89' lang='lat' dir='ltr'>post</span> <span class='ocrx_word' id='word_1_188' title='bbox 992 3205 1135 3285; x_wconf 91' lang='lat' dir='ltr'>tempore</span> <span class='ocrx_word' id='word_1_189' title='bbox 1158 3203 1321 3266; x_wconf 88' lang='lat' dir='ltr'>commoda</span> <span class='ocrx_word' id='word_1_190' title='bbox 1343 3203 1425 3267; x_wconf 92' lang='lat' dir='ltr'>vale-</span> 
     </span>
     <span class='ocr_line' id='line_1_25' title="bbox 287 3302 1426 3386; baseline 0.001 -20"><span class='ocrx_word' id='word_1_191' title='bbox 287 3303 398 3366; x_wconf 90' lang='lat' dir='ltr'>tudine</span> <span class='ocrx_word' id='word_1_192' title='bbox 433 3302 511 3365; x_wconf 89' lang='lat' dir='ltr'>alias</span> <span class='ocrx_word' id='word_1_193' title='bbox 539 3303 591 3386; x_wconf 88' lang='lat' dir='ltr'>egi</span> <span class='ocrx_word' id='word_1_194' title='bbox 618 3324 669 3365; x_wconf 90' lang='lat' dir='ltr'>res</span> <span class='ocrx_word' id='word_1_195' title='bbox 691 3303 812 3386; x_wconf 90' lang='lat' dir='ltr'>potius:</span> <span class='ocrx_word' id='word_1_196' title='bbox 851 3302 1000 3366; x_wconf 86' lang='lat' dir='ltr'>adversus</span> <span class='ocrx_word' id='word_1_197' title='bbox 1027 3303 1123 3366; x_wconf 87' lang='lat' dir='ltr'>istam</span> <span class='ocrx_word' id='word_1_198' title='bbox 1153 3304 1330 3368; x_wconf 87' lang='lat' dir='ltr'>orationem</span> <span class='ocrx_word' id='word_1_199' title='bbox 1353 3305 1426 3367; x_wconf 91' lang='lat' dir='ltr'>alie-</span> 
     </span>
     <span class='ocr_line' id='line_1_26' title="bbox 287 3403 1427 3486; baseline 0 -19"><span class='ocrx_word' id='word_1_200' title='bbox 287 3407 365 3467; x_wconf 91' lang='lat' dir='ltr'>nato</span> <span class='ocrx_word' id='word_1_201' title='bbox 388 3403 494 3467; x_wconf 89' lang='lat' dir='ltr'>animo</span> <span class='ocrx_word' id='word_1_202' title='bbox 515 3403 578 3486; x_wconf 68' lang='lat' dir='ltr'>fui,</span> <span class='ocrx_word' id='word_1_203' title='bbox 600 3425 660 3468; x_wconf 92' lang='lat' dir='ltr'>nec</span> <span class='ocrx_word' id='word_1_204' title='bbox 682 3404 815 3486; x_wconf 90' lang='lat' dir='ltr'>pudebit</span> <span class='ocrx_word' id='word_1_205' title='bbox 829 3425 879 3467; x_wconf 90' lang='lat' dir='ltr'>me</span> <span class='ocrx_word' id='word_1_206' title='bbox 900 3404 998 3468; x_wconf 84' lang='lat' dir='ltr'>fateri</span> <span class='ocrx_word' id='word_1_207' title='bbox 1006 3404 1030 3445; x_wconf 80' lang='lat'>¹³</span> <span class='ocrx_word' id='word_1_208' title='bbox 1052 3405 1159 3468; x_wconf 91' lang='lat' dir='ltr'>odium</span> <span class='ocrx_word' id='word_1_209' title='bbox 1177 3427 1213 3469; x_wconf 90' lang='lat' dir='ltr'>ac</span> <span class='ocrx_word' id='word_1_210' title='bbox 1229 3406 1427 3469; x_wconf 88' lang='lat' dir='ltr'>simultatem</span> 
     </span>
     <span class='ocr_line' id='line_1_27' title="bbox 290 3504 1426 3590; baseline 0.003 -23"><span class='ocrx_word' id='word_1_211' title='bbox 290 3553 795 3569; x_wconf 88' lang='grc'><strong>................</strong></span> <span class='ocrx_word' id='word_1_212' title='bbox 805 3504 844 3586; x_wconf 65' lang='lat'>1¹4</span> <span class='ocrx_word' id='word_1_213' title='bbox 869 3554 875 3568; x_wconf 92' lang='lat'><strong>.</strong></span> <span class='ocrx_word' id='word_1_214' title='bbox 902 3556 908 3568; x_wconf 94' lang='lat'><strong>.</strong></span> <span class='ocrx_word' id='word_1_215' title='bbox 934 3555 941 3568; x_wconf 93' lang='lat'><strong>.</strong></span> <span class='ocrx_word' id='word_1_216' title='bbox 987 3504 1084 3569; x_wconf 80' lang='lat' dir='ltr'>Redit</span> <span class='ocrx_word' id='word_1_217' title='bbox 1111 3506 1212 3590; x_wconf 88' lang='lat' dir='ltr'>igitur</span> <span class='ocrx_word' id='word_1_218' title='bbox 1240 3510 1314 3590; x_wconf 90' lang='lat' dir='ltr'>post</span> <span class='ocrx_word' id='word_1_219' title='bbox 1334 3529 1426 3590; x_wconf 91' lang='lat' dir='ltr'>repu-</span> 
     </span>
    </p>
   </div>
   <div class='ocr_carea' id='block_1_5' title="bbox 290 3622 1428 4880">
    <p class='ocr_par' dir='ltr' id='par_1_5' title="bbox 374 3622 785 3692">
     <span class='ocr_line' id='line_1_28' title="bbox 374 3622 785 3692; baseline 0 -16"><span class='ocrx_word' id='word_1_220' title='bbox 374 3622 482 3680; x_wconf 85' lang='lat' dir='ltr'>lCorr.</span> <span class='ocrx_word' id='word_1_221' title='bbox 502 3628 576 3692; x_wconf 83' lang='lat' dir='ltr'>quod.</span> <span class='ocrx_word' id='word_1_222' title='bbox 611 3627 785 3690; x_wconf 77' lang='lat' dir='ltr'>Heindorfiua</span> 
     </span>
    </p>

    <p class='ocr_par' dir='ltr' id='par_1_6' title="bbox 374 3706 702 3761">
     <span class='ocr_line' id='line_1_29' title="bbox 374 3706 702 3761; baseline -0.003 0"><span class='ocrx_word' id='word_1_223' title='bbox 374 3709 450 3761; x_wconf 79' lang='lat' dir='ltr'>alta</span> <span class='ocrx_word' id='word_1_224' title='bbox 468 3706 568 3761; x_wconf 89' lang='lat' dir='ltr'>Codex.</span> <span class='ocrx_word' id='word_1_225' title='bbox 606 3712 702 3760; x_wconf 82' lang='lat' dir='ltr'>Maius.</span> 
     </span>
    </p>

    <p class='ocr_par' dir='ltr' id='par_1_7' title="bbox 290 3791 1428 3944">
     <span class='ocr_line' id='line_1_30' title="bbox 374 3791 1428 3862; baseline 0.003 -15"><span class='ocrx_word' id='word_1_226' title='bbox 374 3794 451 3847; x_wconf 85' lang='lat' dir='ltr'>3Ita</span> <span class='ocrx_word' id='word_1_227' title='bbox 474 3791 585 3845; x_wconf 88' lang='lat' dir='ltr'>videtur</span> <span class='ocrx_word' id='word_1_228' title='bbox 607 3791 707 3846; x_wconf 89' lang='lat' dir='ltr'>Codex.</span> <span class='ocrx_word' id='word_1_229' title='bbox 746 3796 838 3846; x_wconf 79' lang='lat' dir='ltr'>Maius.</span> <span class='ocrx_word' id='word_1_230' title='bbox 875 3791 1014 3862; x_wconf 87' lang='lat' dir='ltr'>Hauptius</span> <span class='ocrx_word' id='word_1_231' title='bbox 1037 3794 1066 3846; x_wconf 88' lang='lat' dir='ltr'>ot</span> <span class='ocrx_word' id='word_1_232' title='bbox 1087 3793 1261 3847; x_wconf 82' lang='lat' dir='ltr'>Ecksteinius</span> <span class='ocrx_word' id='word_1_233' title='bbox 1279 3797 1428 3851; x_wconf 90' lang='lat' dir='ltr'>emendant</span> 
     </span>
     <span class='ocr_line' id='line_1_31' title="bbox 290 3874 846 3944; baseline -0.004 -11"><span class='ocrx_word' id='word_1_234' title='bbox 290 3884 402 3944; x_wconf 79' lang='lat' dir='ltr'>abludat,</span> <span class='ocrx_word' id='word_1_235' title='bbox 421 3877 480 3930; x_wconf 87' lang='lat' dir='ltr'>coll.</span> <span class='ocrx_word' id='word_1_236' title='bbox 500 3877 597 3930; x_wconf 88' lang='lat' dir='ltr'>Horat.</span> <span class='ocrx_word' id='word_1_237' title='bbox 618 3874 675 3931; x_wconf 86' lang='lat' dir='ltr'>Sat.</span> <span class='ocrx_word' id='word_1_238' title='bbox 694 3877 727 3942; x_wconf 88' lang='lat' dir='ltr'>H,</span> <span class='ocrx_word' id='word_1_239' title='bbox 746 3883 769 3944; x_wconf 88' lang='lat'>3,</span> <span class='ocrx_word' id='word_1_240' title='bbox 788 3883 846 3931; x_wconf 79' lang='lat'><strong>320.</strong></span> 
     </span>
    </p>

    <p class='ocr_par' dir='ltr' id='par_1_8' title="bbox 373 3960 1428 4031">
     <span class='ocr_line' id='line_1_32' title="bbox 373 3960 1428 4031; baseline -0.001 -14"><span class='ocrx_word' id='word_1_241' title='bbox 373 3970 389 4017; x_wconf 85' lang='grc'>4</span> <span class='ocrx_word' id='word_1_242' title='bbox 406 3963 448 4015; x_wconf 90' lang='lat' dir='ltr'>De</span> <span class='ocrx_word' id='word_1_243' title='bbox 467 3960 566 4015; x_wconf 82' lang='lat' dir='ltr'>Saenio</span> <span class='ocrx_word' id='word_1_244' title='bbox 585 3961 753 4030; x_wconf 85' lang='lat' dir='ltr'>Pompeiano</span> <span class='ocrx_word' id='word_1_245' title='bbox 772 3962 923 4028; x_wconf 89' lang='lat' dir='ltr'>loquuntur</span> <span class='ocrx_word' id='word_1_246' title='bbox 941 3962 1075 4031; x_wconf 86' lang='lat' dir='ltr'>epistulae</span> <span class='ocrx_word' id='word_1_247' title='bbox 1093 3963 1130 4015; x_wconf 92' lang='lat' dir='ltr'>ad</span> <span class='ocrx_word' id='word_1_248' title='bbox 1145 3962 1181 4017; x_wconf 90' lang='lat' dir='ltr'>M.</span> <span class='ocrx_word' id='word_1_249' title='bbox 1196 3961 1272 4017; x_wconf 86' lang='lat' dir='ltr'>Caes.</span> <span class='ocrx_word' id='word_1_250' title='bbox 1285 3963 1318 4017; x_wconf 91' lang='lat' dir='ltr'>V.</span> <span class='ocrx_word' id='word_1_251' title='bbox 1332 3971 1373 4018; x_wconf 82' lang='lat'>34.</span> <span class='ocrx_word' id='word_1_252' title='bbox 1387 3972 1428 4018; x_wconf 82' lang='lat'>35.</span> 
     </span>
    </p>

    <p class='ocr_par' dir='ltr' id='par_1_9' title="bbox 374 4044 714 4115">
     <span class='ocr_line' id='line_1_33' title="bbox 374 4044 714 4115; baseline -0.012 -13"><span class='ocrx_word' id='word_1_253' title='bbox 374 4054 390 4102; x_wconf 83' lang='lat'>5</span> <span class='ocrx_word' id='word_1_254' title='bbox 407 4044 507 4115; x_wconf 84' lang='lat' dir='ltr'>Incipit</span> <span class='ocrx_word' id='word_1_255' title='bbox 526 4044 591 4098; x_wconf 88' lang='lat' dir='ltr'>Cod.</span> <span class='ocrx_word' id='word_1_256' title='bbox 610 4064 636 4114; x_wconf 91' lang='lat' dir='ltr'>p.</span> <span class='ocrx_word' id='word_1_257' title='bbox 657 4052 714 4100; x_wconf 81' lang='lat'>312.</span> 
     </span>
    </p>

    <p class='ocr_par' dir='ltr' id='par_1_10' title="bbox 374 4131 755 4199">
     <span class='ocr_line' id='line_1_34' title="bbox 374 4131 755 4199; baseline 0 -14"><span class='ocrx_word' id='word_1_258' title='bbox 374 4138 389 4185; x_wconf 85' lang='grc'><strong>6</strong></span> <span class='ocrx_word' id='word_1_259' title='bbox 408 4131 514 4186; x_wconf 81' lang='lat' dir='ltr'>Codex:</span> <span class='ocrx_word' id='word_1_260' title='bbox 534 4135 645 4184; x_wconf 71' lang='lat' dir='ltr'>rronnilu‘l</span> <span class='ocrx_word' id='word_1_261' title='bbox 662 4136 755 4199; x_wconf 74' lang='lat' dir='ltr'>aperti.</span> 
     </span>
    </p>

    <p class='ocr_par' dir='ltr' id='par_1_11' title="bbox 375 4215 699 4284">
     <span class='ocr_line' id='line_1_35' title="bbox 375 4215 699 4284; baseline -0.003 -14"><span class='ocrx_word' id='word_1_262' title='bbox 375 4223 390 4270; x_wconf 78' lang='lat'><strong>7</strong></span> <span class='ocrx_word' id='word_1_263' title='bbox 409 4215 475 4269; x_wconf 89' lang='lat' dir='ltr'>Cod.</span> <span class='ocrx_word' id='word_1_264' title='bbox 493 4232 535 4284; x_wconf 88' lang='lat' dir='ltr'>pr.</span> <span class='ocrx_word' id='word_1_265' title='bbox 554 4232 590 4267; x_wconf 90' lang='lat' dir='ltr'>m.</span> <span class='ocrx_word' id='word_1_266' title='bbox 610 4221 699 4284; x_wconf 83' lang='lat' dir='ltr'>quemi.</span> 
     </span>
    </p>

    <p class='ocr_par' dir='ltr' id='par_1_12' title="bbox 375 4299 775 4368">
     <span class='ocr_line' id='line_1_36' title="bbox 375 4299 775 4368; baseline -0.005 -14"><span class='ocrx_word' id='word_1_267' title='bbox 375 4307 390 4354; x_wconf 87' lang='lat'>8</span> <span class='ocrx_word' id='word_1_268' title='bbox 409 4299 475 4353; x_wconf 88' lang='lat' dir='ltr'>Cod.</span> <span class='ocrx_word' id='word_1_269' title='bbox 494 4317 536 4368; x_wconf 87' lang='lat' dir='ltr'>pr.</span> <span class='ocrx_word' id='word_1_270' title='bbox 555 4316 590 4352; x_wconf 93' lang='lat' dir='ltr'>m.</span> <span class='ocrx_word' id='word_1_271' title='bbox 607 4305 775 4368; x_wconf 80' lang='lat' dir='ltr'>portionibus.</span> 
     </span>
    </p>

    <p class='ocr_par' dir='ltr' id='par_1_13' title="bbox 375 4385 693 4440">
     <span class='ocr_line' id='line_1_37' title="bbox 375 4385 693 4440; baseline -0.003 -1"><span class='ocrx_word' id='word_1_272' title='bbox 375 4392 390 4439; x_wconf 88' lang='grc'><strong>9</strong></span> <span class='ocrx_word' id='word_1_273' title='bbox 410 4385 514 4440; x_wconf 81' lang='lat' dir='ltr'>Codex:</span> <span class='ocrx_word' id='word_1_274' title='bbox 533 4391 693 4439; x_wconf 76' lang='lat' dir='ltr'>coiecturam.</span> 
     </span>
    </p>

    <p class='ocr_par' dir='ltr' id='par_1_14' title="bbox 359 4469 674 4524">
     <span class='ocr_line' id='line_1_38' title="bbox 359 4469 674 4524; baseline -0.003 -1"><span class='ocrx_word' id='word_1_275' title='bbox 359 4477 390 4524; x_wconf 86' lang='lat'>10</span> <span class='ocrx_word' id='word_1_276' title='bbox 409 4469 514 4524; x_wconf 83' lang='lat' dir='ltr'>Codex:</span> <span class='ocrx_word' id='word_1_277' title='bbox 534 4474 674 4523; x_wconf 74' lang='lat' dir='ltr'>Phalaridi.</span> 
     </span>
    </p>

    <p class='ocr_par' dir='ltr' id='par_1_15' title="bbox 360 4552 1377 4620">
     <span class='ocr_line' id='line_1_39' title="bbox 360 4552 1377 4620; baseline 0.002 -13"><span class='ocrx_word' id='word_1_278' title='bbox 360 4561 389 4607; x_wconf 84' lang='lat'>11</span> <span class='ocrx_word' id='word_1_279' title='bbox 409 4555 442 4608; x_wconf 87' lang='lat' dir='ltr'>cf.</span> <span class='ocrx_word' id='word_1_280' title='bbox 462 4553 516 4609; x_wconf 85' lang='lat' dir='ltr'>Cic.</span> <span class='ocrx_word' id='word_1_281' title='bbox 536 4554 564 4608; x_wconf 89' lang='lat' dir='ltr'>in</span> <span class='ocrx_word' id='word_1_282' title='bbox 581 4555 673 4608; x_wconf 90' lang='lat' dir='ltr'>Pison.</span> <span class='ocrx_word' id='word_1_283' title='bbox 693 4560 732 4620; x_wconf 87' lang='lat'>18,</span> <span class='ocrx_word' id='word_1_284' title='bbox 751 4553 827 4608; x_wconf 88' lang='lat' dir='ltr'>alibi.</span> <span class='ocrx_word' id='word_1_285' title='bbox 862 4553 982 4607; x_wconf 85' lang='lat' dir='ltr'>Lactant</span> <span class='ocrx_word' id='word_1_286' title='bbox 999 4552 1118 4607; x_wconf 87' lang='lat' dir='ltr'>Institut.</span> <span class='ocrx_word' id='word_1_287' title='bbox 1138 4555 1185 4608; x_wconf 90' lang='lat' dir='ltr'>Ill.</span> <span class='ocrx_word' id='word_1_288' title='bbox 1206 4561 1246 4609; x_wconf 76' lang='lat'>27.</span> <span class='ocrx_word' id='word_1_289' title='bbox 1284 4560 1377 4609; x_wconf 80' lang='lat' dir='ltr'>Maias.</span> 
     </span>
    </p>

    <p class='ocr_par' dir='ltr' id='par_1_16' title="bbox 360 4638 924 4707">
     <span class='ocr_line' id='line_1_40' title="bbox 360 4638 924 4707; baseline 0.004 -16"><span class='ocrx_word' id='word_1_290' title='bbox 360 4645 390 4692; x_wconf 82' lang='lat'>12</span> <span class='ocrx_word' id='word_1_291' title='bbox 408 4638 575 4693; x_wconf 89' lang='lat' dir='ltr'>Niebuhrius</span> <span class='ocrx_word' id='word_1_292' title='bbox 593 4638 717 4693; x_wconf 89' lang='lat' dir='ltr'>malebat</span> <span class='ocrx_word' id='word_1_293' title='bbox 734 4642 924 4707; x_wconf 74' lang='lat' dir='ltr'>epichiremate.</span> 
     </span>
    </p>

    <p class='ocr_par' dir='ltr' id='par_1_17' title="bbox 360 4722 704 4791">
     <span class='ocr_line' id='line_1_41' title="bbox 360 4722 704 4791; baseline 0.006 -15"><span class='ocrx_word' id='word_1_294' title='bbox 360 4730 391 4778; x_wconf 84' lang='lat'>13</span> <span class='ocrx_word' id='word_1_295' title='bbox 410 4722 475 4777; x_wconf 90' lang='lat' dir='ltr'>Cod.</span> <span class='ocrx_word' id='word_1_296' title='bbox 495 4742 537 4791; x_wconf 90' lang='lat' dir='ltr'>pr.</span> <span class='ocrx_word' id='word_1_297' title='bbox 556 4741 592 4776; x_wconf 92' lang='lat' dir='ltr'>m.</span> <span class='ocrx_word' id='word_1_298' title='bbox 609 4728 704 4789; x_wconf 74' lang='lat' dir='ltr'>fratre.</span> 
     </span>
    </p>

    <p class='ocr_par' dir='ltr' id='par_1_18' title="bbox 362 4805 1427 4880">
     <span class='ocr_line' id='line_1_42' title="bbox 362 4805 1427 4880; baseline 0.006 -20"><span class='ocrx_word' id='word_1_299' title='bbox 362 4813 392 4861; x_wconf 86' lang='grc'>14</span> <span class='ocrx_word' id='word_1_300' title='bbox 411 4805 1427 4880; x_wconf 78' lang='lat' dir='ltr'>SequiturCod.p.311,quaeinteriitprueterpaucaquaedaminmargine.</span> 
     </span>
    </p>
   </div>
   <div class='ocr_carea' id='block_1_6' title="bbox 0 0 1668 5950">
    <p class='ocr_par' dir='ltr' id='par_1_19' title="bbox 0 0 1668 5950">
     <span class='ocr_line' id='line_1_43' title="bbox 0 0 1668 5950; baseline 0 0"><span class='ocrx_word' id='word_1_301' title='bbox 0 0 1668 5950; x_wconf 95' lang='lat' dir='ltr'> </span> 
     </span>
    </p>
   </div>
  </div>
 </body>
</html>
