3300 5950
274 796 336 859 212
622 791 658 844 Μ.
673 789 843 844 CORNELII
861 786 1067 841 FRONTONIS

358 962 533 1042 Postremo,
557 963 593 1022 ut
615 960 803 1023 novissimos
824 961 859 1021 in
882 957 1141 1041 epigrammatis¹
1165 976 1274 1018 versus
1296 954 1413 1017 habere

274 1067 400 1148 oportet
422 1062 541 1145 aliquid
562 1062 703 1143 luminis,
734 1060 895 1125 sententia
921 1059 1003 1123 clavi
1026 1058 1132 1142 aliqua
1155 1057 1204 1121 vel
1230 1056 1329 1119 fibula
1351 1059 1413 1118 ter-

274 1165 425 1227 minanda
448 1164 525 1226 est².

357 1265 397 1329 In
430 1266 540 1348 primis
577 1266 682 1327 autem
717 1247 870 1327 sectanda
897 1264 946 1325 est
976 1261 1128 1324 suavitas,
1174 1259 1320 1342 Namque
1353 1258 1413 1321 hoc

274 1389 376 1452 genus
399 1366 552 1429 orationis
581 1383 646 1428 non
678 1366 791 1447 capitis
821 1363 1012 1452 defendendi
1035 1384 1095 1426 nec
1124 1362 1304 1425 suadendae
1332 1361 1413 1444 legis

274 1491 334 1532 nec
357 1467 513 1531 exercitus
537 1466 727 1529 adhortandi
755 1488 815 1530 nec
844 1464 1091 1528 inflammandae
1121 1463 1280 1527 contionis
1303 1462 1413 1526 scribi-

273 1573 337 1652 tur,
362 1569 414 1632 sed
438 1568 627 1632 facetiarum
649 1571 682 1631 et
703 1567 888 1650 voluptatis.

360 1669 485 1753 Ubique
514 1691 588 1732 vero
614 1672 651 1732 ut
678 1669 716 1733 de
744 1690 778 1732 re
807 1668 915 1751 ampla
944 1671 976 1731 et
1008 1667 1182 1751 magnifica
1210 1665 1412 1749 loquendum,

275 1792 454 1854 parvaeque
475 1793 526 1834 res
548 1771 676 1854 magnis
692 1769 931 1833 adsimulandae
955 1768 1259 1851 comparandaeque.
1285 1766 1415 1831 Summa

276 1873 411 1955 denique
433 1872 467 1935 in
490 1872 550 1935 hoc
564 1893 682 1955 genere
710 1871 865 1934 orationis
889 1870 989 1933 virtus
1012 1873 1061 1932 est
1084 1868 1311 1932 adseverati03.
1356 1867 1415 1929 Fa·

276 1973 369 2036 bulae
385 1972 478 2035 deum
493 1972 543 2035 vel
558 1974 690 2036 heroum
705 1972 894 2055 tempestive
908 1971 1108 2053 inserendae,
1125 1970 1202 2033 item
1215 1991 1323 2032 versus
1342 1991 1414 2032 con-

276 2077 427 2158 gruentes
456 2077 488 2136 et
509 2073 677 2156 proverbia
702 2074 941 2137 accommodata
969 2075 1002 2135 et
1028 2093 1095 2135 non
1122 2070 1251 2134 inficete
1279 2070 1415 2134 conficta

276 2175 452 2255 mendacia,
486 2175 561 2237 dum
588 2174 620 2236 id
652 2165 855 2237 mendacium
887 2175 1077 2257 argumento
1104 2172 1210 2255 aliquo
1238 2170 1342 2254 lepido
1368 2172 1415 2233 iu-

276 2279 396 2339 veturss.
486 2275 491 2294 “

362 2376 441 2439 Cum
462 2376 574 2458 primis
596 2379 702 2439 autem
725 2376 856 2440 difficile
880 2380 932 2440 est
951 2380 1142 2460 argumenta
1166 2376 1213 2438 ita
1235 2375 1413 2457 disponere,

276 2480 313 2539 ut
335 2477 377 2539 sit
404 2475 480 2539 ordo
509 2497 617 2539 eorum
643 2477 704 2539 rite
736 2498 884 2540 conexus
935 2476 1024 2551 Quod
1052 2477 1105 2540 ille
1134 2476 1259 2561 t⁴¹Plato
1286 2475 1414 2539 Lasiam

278 2578 385 2660 culpat
412 2578 446 2640 in
468 2577 614 2640 Phaedro
621 2627 629 2659 ,
659 2580 893 2641 sententiarum
915 2578 1059 2641 ordinem
1087 2578 1127 2641 ab
1155 2600 1192 2641 eo
1219 2578 1266 2641 ita
1295 2580 1415 2640 temere

277 2679 482 2761 permixtum,
512 2681 547 2741 ut
570 2680 639 2741 sine
661 2679 725 2742 ullo
748 2680 939 2742 detrimento
961 2680 1064 2761 prima
1086 2680 1120 2741 in
1142 2680 1350 2742 novissimum
1371 2679 1415 2741 lo-

279 2800 350 2841 cum
381 2779 619 2841 transferantur
653 2781 685 2842 et
711 2780 885 2843 novissima
917 2780 951 2843 in
984 2781 1155 2864 primumb,
1191 2802 1261 2843 eam
1289 2780 1415 2863 culpam

277 2881 323 2942 ita
351 2879 577 2962 devitabimuS,
611 2881 638 2944 si
667 2881 768 2944 divisa
795 2882 976 2965 generatim
1004 2884 1194 2965 argumenta
1220 2885 1384 2945 nectemus
1392 2896 1413 2961 ⁰,

276 3003 341 3043 non
364 3003 475 3064 sparsa
496 3004 556 3046 nec
579 2983 647 3046 sine
670 2983 852 3046 discrimine
881 2987 1051 3068 aggerata,
1081 2987 1118 3045 ut
1147 2981 1229 3071 [ea]⁵
1257 3005 1336 3067 quae
1359 3006 1416 3066 per

278 3085 419 3145 saturam
441 3082 599 3166 feruntur,
630 3084 685 3147 sed
708 3088 743 3147 ut
764 3085 958 3167 praecedens
987 3085 1148 3148 sententia
1173 3085 1207 3148 in
1231 3088 1415 3168 sequentem

276 3183 428 3246 laciniam
455 3183 593 3266 aliquam
620 3185 766 3268 porrigat
793 3188 826 3248 et
847 3207 936 3248 oram
953 3186 1161 3268 praetendat3
1188 3186 1244 3249 ubi
1265 3189 1352 3270 prior
1374 3188 1416 3248 sit

277 3283 369 3346 finita
386 3283 561 3365 sententia,
585 3284 659 3347 inde
675 3287 711 3348 ut
726 3306 861 3367 sequens
876 3286 1033 3369 ordiatur3
1055 3287 1102 3350 ita
1124 3286 1210 3350 enim
1232 3287 1414 3370 transgredi

277 3384 382 3466 potius
404 3384 580 3447 videbimur
601 3407 696 3468 quarn
717 3386 890 3449 transilire.

360 3482 481 3547 Verum
507 3485 540 3547 hi
567 3506 632 3548 non
660 3536 666 3549 .
692 3536 699 3548 .
725 3535 732 3549 .
758 3536 765 3550 .
789 3486 936 3550 Variatio
965 3488 1016 3551 vel
1039 3509 1111 3551 cum
1139 3489 1330 3552 detrimento
1358 3490 1413 3552 ali-

278 3604 339 3666 quo
361 3584 484 3667 gratior
507 3588 555 3648 est
576 3587 610 3648 in
633 3588 776 3650 oratione
798 3609 895 3670 quam
917 3591 1005 3652 recta
1028 3589 1267 3653 continuatiossd
1272 3639 1412 3653 .....

363 3852 380 3887 a
397 3838 430 3888 In
447 3841 572 3903 nzcrpiae:
589 3834 765 3890 Mendacium
782 3841 948 3907 argumento
966 3841 1060 3910 aliquo
1078 3842 1170 3911 lepido
1187 3842 1344 3896 iuvandum.
1367 3871 1378 3882 -κ

362 3918 380 3971 b
400 3923 432 3971 In
449 3925 576 3987 marpqiae:
594 3919 725 3974 Plato-
743 3921 778 3974 ab
797 3936 830 3974 eo
848 3925 974 3992 tempore
987 3955 1020 3962 —
1036 3924 1065 3977 in
1083 3926 1211 3994 primum.

362 4007 428 4056 cln
445 4007 572 4070 margine:
589 4004 762 4058 Praecedens
784 4007 922 4061 sententia
947 4008 976 4060 in
1003 4013 1164 4075 sequentem
1186 4010 1271 4066 debet
1293 4011 1414 4077 aliquam

277 4085 441 4153 particulam
457 4093 603 4156 porripere‚
623 4087 697 4154 quod
714 4089 857 4154 vitabitur,
875 4091 898 4143 si
916 4094 1081 4159 argumenta
1097 4094 1212 4147 nectant
1248 4137 1253 4147 .

362 4169 379 4221 d
398 4174 431 4222 In
448 4177 574 4238 marpine:
592 4171 717 4226 Variatio
736 4203 768 4212 —-
786 4174 965 4229 continuatio.

364 4395 375 4440 1
397 4390 463 4443 Ood.
482 4407 523 4458 pr.
543 4407 578 4443 m.
599 4396 811 4459 epigrammatis.

362 4479 377 4524 2
395 4472 502 4527 Littera
520 4493 533 4526 e
552 4491 688 4543 suprascr.

362 4563 377 4608 3
395 4556 598 4611 Eichstaedtius
617 4559 723 4613 confert
741 4559 828 4614 Tacit.
848 4562 947 4615 Annal.
965 4561 1011 4615 IV.
1032 4568 1071 4616 19.
1107 4564 1186 4617 Adde
1204 4565 1238 4618 ΙΙ.
1258 4572 1303 4632 31,
1322 4566 1368 4620 VI.
1389 4574 1412 4620 2.

361 4644 377 4692 4
395 4641 495 4710 Incipit
513 4641 578 4695 Ood.
598 4660 625 4711 p.
645 4649 703 4697 247.
739 4643 821 4699 Initio
839 4662 909 4699 unus
926 4662 1020 4700 versus
1038 4648 1157 4700 evanuit.

265 4762 269 4766 .
362 4729 377 4775 5
394 4724 502 4776 Potius:
521 4727 641 4794 alleges
660 4746 732 4795 qaue.
770 4732 941 4796 Ileindurfiua

361 4810 376 4857 6
395 4805 539 4862 Sententia
557 4826 571 4860 o
589 4809 721 4878 margine.
