3300 5950
275 770 335 835 168
484 768 520 822 Μ.
535 766 705 822 CORNELII
722 766 929 821 FRONTONIS
947 765 1204 821 EPISTULARUM

273 941 360 1004 suasi
369 941 389 1022 ¹⁷
412 939 457 1002 mi
472 937 591 1002 Fronto
603 938 779 1021 karissime,
803 938 855 1002 vel
871 939 1041 1022 praecipue
1063 938 1151 1002 hunc
1167 939 1260 1021 diem,
1286 962 1350 1023 quo
1365 963 1416 1004 me

274 1042 435 1125 suscipere
456 1040 542 1104 hanc
565 1040 738 1104 stationem
760 1040 884 1123 placuit
890 1090 905 1123 7.
930 1044 1003 1104 ate
1025 1039 1228 1124 potissimum
1250 1063 1323 1105 vere
1345 1042 1417 1105 reli-

273 1145 423 1228 gioseque
447 1142 612 1206 celebrari.
658 1141 702 1205 Et
724 1164 784 1226 ego
806 1142 933 1225 quidem
956 1145 988 1206 et
1010 1146 1084 1205 vota
1105 1146 1161 1205 tua
1189 1145 1221 1205 et
1243 1145 1275 1206 te
1297 1147 1415 1224 mente,

1374 1229 1378 1236 ι

273 1246 309 1308 ut
331 1267 390 1328 par
413 1247 491 1327 erat,
516 1245 788 1330 repraesentavil²
815 1293 1252 1308 ..............

541 1378 623 1443 vll.
668 1379 790 1464 (Cario
813 1366 970 1446 Maximo
993 1380 1156 1463 Fronto.)

359 1498 438 1564 Cum
461 1498 672 1582 gravitatem3
695 1549 702 1561 .
729 1550 735 1579 .
762 1550 768 1563 .
795 1550 801 1563 .
828 1551 834 1563 .
859 1551 865 1563 .
897 1500 996 1564 Dolor
1017 1500 1202 1563 iracundiae
1226 1500 1417 1563 coniunctus

273 1604 415 1666 mentem
436 1600 576 1663 hominis
598 1601 800 1684 perturbavit
831 1653 837 1664 .
863 1653 869 1664 .
895 1652 901 1664 .
947 1600 1130 1665 Virtutibus
1154 1602 1268 1665 ceteris
1290 1601 1415 1665 iracun-

273 1704 326 1767 dia
348 1724 506 1766 venenum
530 1724 567 1766 ac
589 1702 747 1785 pernicies
769 1703 833 1766 fuit
856 1752 1093 1766 ........
1133 1706 1195 1766 Sed
1215 1724 1299 1767 nemo
1321 1724 1416 1767 meum

273 1826 347 1883 erpa
370 1808 499 1883 Niprum
522 1824 654 1868 umorem
675 1810 835 1884 vituperet,
868 1805 952 1889 l⁴qui
980 1826 1047 1870 non
1075 1807 1166 1868 tuum
1194 1808 1270 1868 ante
1292 1826 1417 1888 reprae-

274 1906 431 1970 henderit.

357 2008 522 2072 Postremo
544 2029 648 2092 neque
671 2029 730 2092 ego
752 2006 892 2093 Nigrum
914 2012 1092 2092 propterte
1108 2030 1215 2072 amare
1238 2030 1415 2092 coeperam,

272 2114 309 2175 ut
329 2112 507 2194 propterte
524 2109 659 2172 eundem
682 2130 788 2173 amare
810 2111 1023 2193 desinerem³3
1045 2132 1149 2194 neque
1163 2113 1200 2174 tu
1214 2133 1265 2174 me
1281 2132 1300 2174 a
1314 2110 1417 2195 Nigro

272 2212 333 2276 tibi
354 2211 510 2276 traditum
531 2210 686 2295 diligere⁵
715 2211 858 2295 coepisti.
904 2211 1266 2286 (1111111101111111111111116
1288 2233 1415 2295 quaese,

273 2313 393 2397 nequid
415 2313 500 2377 obsit
522 2311 665 2376 amicitia
686 2313 790 2396 nobis,
814 2315 918 2397 quae⁷
940 2314 1023 2379 nihil
1045 2314 1176 2398 profuit.

358 2413 428 2477 Iam
455 2414 482 2476 si
508 2413 677 2477 dicendum
699 2414 757 2497 sit,
788 2414 862 2478 deos
890 2418 992 2480 testor
1019 2438 1069 2479 me
1097 2438 1192 2499 saepe
1218 2414 1335 2479 vidisse
1361 2415 1417 2479 Ni-

275 2538 369 2601 grum
386 2516 574 2581 Censorium
593 2515 733 2579 ubertim
746 2515 879 2580 flentem
901 2517 1056 2581 desiderio
1071 2518 1119 2581 tui
1135 2520 1231 2600 atque
1246 2516 1340 2581 huius
1356 2517 1417 2580 dis-

275 2619 349 2682 cidii
372 2617 489 2681 dolore.

360 2718 422 2783 seu
444 2719 505 2782 erit
526 2718 663 2783 fortasse
685 2721 812 2806 tempus
836 2720 937 2802 aliud,
968 2721 1050 2803 qu0⁸
1074 2743 1134 2805 ego
1155 2720 1327 2785 memoriae
1351 2721 1417 2785 eius

275 2820 401 2904 placem
421 2823 454 2883 te
477 2841 514 2883 ac
536 2821 691 2905 mitigem.

360 2921 495 2986 Interim
510 2923 629 3007 nequid
643 2922 705 2988 loci
720 2922 872 3008 malignis
894 2923 1078 2989 hominibus
1101 2924 1251 2989 adversus
1266 2946 1317 2988 me
1333 2925 1417 3008 apud

277 3046 368 3089 aures
391 3028 463 3089 tuas
486 3029 612 3109 pateat,
636 3025 688 3090 ΙΙ.
708 3078 714 3090 .
733 3077 739 3089 .
757 3025 814 3091 ΟΕ
833 3078 839 3091 .
858 3077 864 3089 .
882 3025 966 3090 Ol.
990 3026 1416 3112 perperam..l..fidcm:

276 3149 372 3210 quam
400 3148 496 3211 quom
523 3127 649 3191 firmam
677 3131 709 3192 et
738 3129 896 3192 sinceram
930 3150 1003 3192 cum
1030 3127 1181 3193 Censorio
1214 3131 1416 3211 servaverim,

276 3229 377 3292 multo
405 3229 510 3311 magis
538 3229 681 3312 profecto
709 3232 816 3294 tecum
848 3234 1038 3313 perpetuam
1070 3233 1165 3314 atque
1197 3231 1417 3314 incorruptam

275 3329 413 3393 retinere
436 3329 560 3393 conitar
568 3332 590 3392 ⁹.

274 3444 477 3461 ...l---—

360 3503 428 3551 aJn
451 3504 576 3566 rnarpae'nez
611 3499 675 3553 Non
698 3515 751 3568 ego
773 3500 807 3554 N.
832 3519 859 3569 p.
883 3502 911 3555 te
926 3497 1034 3556 ¹amare
1057 3518 1218 3571 coeperam,
1245 3502 1361 3570 propter
1388 3503 1417 3556 te

275 3600 370 3639 amare
387 3581 471 3637 desin.

363 3728 374 3772 1
394 3721 437 3773 Ita
454 3718 556 3784 Maium
587 3719 691 3773 amicus
714 3739 729 3775 e
748 3719 849 3776 Codice
868 3721 1025 3792 descripsit:
1049 3719 1160 3776 difficile
1178 3740 1224 3774 nec
1242 3727 1275 3774 mi
1291 3726 1350 3786 Fr.;
1369 3723 1418 3775 sed

277 3822 350 3858 nunc
369 3805 480 3871 quidem
498 3803 567 3856 mihi
586 3820 691 3860 errasse
708 3805 827 3860 videtur.
863 3806 1051 3860 Heindorfius:
1082 3818 1130 3860 tum
1153 3815 1179 3859 et
1200 3825 1234 3858 es
1255 3811 1347 3859 litteris
1369 3812 1418 3859 tuis

276 3895 358 3943 animo
376 3908 430 3942 meo
448 3909 498 3942 non
516 3894 619 3957 difficile
635 3897 762 3958 persuasi.

361 3980 376 4026 2
395 3971 515 4042 Explicit
533 3972 599 4028 Cod.
618 3994 645 4044 p.
665 3979 722 4029 348.
758 3975 790 4028 In
807 3992 873 4045 pag.
893 3980 955 4042 347,
973 3991 1045 4043 quac
1063 3975 1196 4042 sequitur,
1213 3974 1282 4028 nihil
1300 3975 1418 4029 discerni

275 4059 376 4128 potest.
414 4057 545 4126 Sequitur
562 4077 589 4127 p.
608 4064 666 4124 354,
685 4076 757 4128 quae
776 4059 845 4113 duas
863 4060 950 4113 habet
966 4059 1118 4114 sententias
1134 4059 1164 4112 in
1180 4060 1316 4129 margine.

362 4150 377 4197 3
395 4142 437 4195 Ex
454 4141 544 4196 indice
567 4142 733 4212 suppletum.
770 4144 879 4198 Titulus
901 4143 1037 4213 epistulae
1059 4144 1164 4197 sumtus
1187 4160 1221 4198 ex
1241 4143 1335 4198 Indice
1353 4144 1419 4198 libri

277 4244 330 4281 sec.
351 4227 387 4282 ad
404 4225 524 4293 Amicos,
543 4244 625 4294 quem
643 4226 714 4281 vide.
948 4227 951 4231 ’

302 4347 308 4359 ,
361 4311 515 4365 4Litteras
533 4311 640 4367 italicas
657 4313 747 4366 Maius
767 4313 914 4383 supplevit.
951 4311 1052 4382 Incipit
1074 4311 1140 4366 Cod.
1158 4331 1186 4382 p.
1206 4318 1265 4367 353.

363 4402 378 4450 5
395 4395 497 4450 Maius:
516 4416 620 4450 amare.
1188 4434 1190 4438 ν

361 4480 585 4547 6Archaismus,
604 4481 638 4534 cf.
657 4481 746 4536 Plaut.
766 4483 837 4536 Rud.
852 4482 899 4537 111.
919 4487 943 4536 4.
962 4487 1004 4535 68.
1030 4481 1099 4536 Gell.
1119 4481 1178 4534 XX.
1193 4487 1215 4534 1.
1241 4486 1416 4550 Heindorfius.

275 4566 364 4620 Maius
383 4565 461 4619 addit
479 4565 591 4619 Terent.
610 4565 709 4635 Hecyr.
729 4566 775 4621 IV.
794 4573 818 4622 4.
839 4573 879 4621 64.

362 4649 501 4704 7C0dex:
521 4656 570 4719 qui.

361 4741 377 4789 8
396 4732 501 4788 Codex:
520 4740 595 4803 quod.

362 4819 439 4873 ulta
457 4816 557 4872 Codex.
