3300 5950
689 730 969 790 PROLEGOMENA.
1311 758 1402 803 xxm

262 932 315 973 sar
336 910 396 991 III,
422 910 461 972 14
483 909 612 991 scripsit
634 908 672 970 de
695 906 831 990 epistola
852 907 989 991 quadam
1011 907 1183 991 CiceroniS,
1206 932 1272 973 non
1295 932 1401 994 super-

263 1018 322 1075 est.
368 1010 456 1087 Quae
479 1010 623 1093 sequitur
649 1007 822 1072 Frontonis
850 1010 987 1092 epistola
1008 1008 1067 1093 ΙΠ,
1095 1011 1147 1093 15,
1179 1012 1284 1094 capite
1311 1016 1401 1075 trun·

264 1118 335 1178 cata
364 1116 422 1176 est.
468 1111 543 1176 Non
569 1111 723 1175 miramur
751 1110 886 1175 candido
914 1115 947 1175 et
974 1133 1083 1175 severo
1112 1111 1256 1177 Caesaris
1284 1113 1400 1176 iudicio

262 1216 326 1278 iam
348 1218 417 1278 tum
441 1213 640 1296 displicuisse
663 1212 836 1276 artificium
857 1211 1061 1296 rhetoricum,
1087 1214 1176 1276 cuius
1198 1214 1400 1297 disciplinam

262 1316 382 1380 Fronto
409 1316 624 1399 profiteretur.
668 1313 827 1397 Magister
853 1314 979 1397 copiose
1007 1316 1149 1379 ostendit
1176 1316 1323 1398 discipuli
1345 1316 1409 1379 du·-

261 1418 435 1481 bitationes
462 1417 576 1480 inanes
610 1438 693 1498 esse,
725 1416 863 1479 fortasse
895 1418 1005 1479 tamen
1036 1439 1103 1480 non
1135 1416 1303 1499 persuasit.
1348 1417 1400 1480 Ad

261 1520 345 1584 idem
373 1523 499 1602 tempus
527 1518 630 1582 resero
657 1516 829 1581 Frontonis
858 1516 1026 1600 epistolam
1048 1519 1107 1601 111,
1133 1519 1182 1581 16.
1227 1519 1296 1581 Iam
1319 1517 1400 1603 legit

259 1621 387 1685 Marcus
411 1620 599 1702 comoedias
630 1618 797 1700 atellanus,
829 1622 970 1682 oratores
998 1623 1131 1702 veteres,
1162 1620 1240 1683 alios
1265 1642 1400 1704 quorum

260 1723 400 1786 studium
427 1722 582 1805 magister
604 1720 857 1802 commendarat,
887 1738 990 1804 nuper
1013 1722 1119 1804 coepit
1140 1722 1247 1805 legere
1269 1724 1399 1784 ornatas

260 1828 293 1889 et
313 1822 511 1907 pompaticas
534 1822 705 1905 orationes,
735 1822 827 1885 credo
849 1820 1020 1885 Frontonis
1048 1822 1165 1905 ipsius,
1194 1823 1249 1906 qui
1277 1822 1312 1886 in
1338 1822 1399 1886 hoc

260 1924 386 1990 dicendi
407 1946 525 2008 genere
555 1923 747 2005 excellebat3
781 1924 865 2007 quod
894 1926 1001 1987 autem
1031 1924 1092 1987 sibi
1118 1924 1217 2007 elegit
1249 1906 1398 1989 1111699111

260 2028 484 2109 ἐπιδεικτικήν,
516 2046 684 2108 perperam
711 2025 805 2107 fecit,
845 2047 922 2088 nam
957 2047 1023 2088 non
1055 2026 1174 2109 poterit
1206 2047 1258 2088 eas
1289 2025 1399 2088 statim

258 2127 389 2209 imitari,
419 2149 497 2210 quas
524 2126 618 2190 modo
645 2126 811 2210 cognovit:
844 2126 925 2189 nihil
952 2130 1001 2190 est
1028 2127 1179 2191 eiusmodi
1208 2130 1398 2211 argumento

259 2229 436 2312 difficilius,
459 2250 649 2312 quamquam
670 2250 799 2310 prorsus
825 2228 957 2312 egregia
979 2228 1084 2292 estin
1106 2228 1241 2293 Caesare
1263 2228 1396 2310 indoles,

258 2335 293 2394 in
319 2331 431 2394 studiis
459 2333 568 2394 tamen
595 2329 762 2392 rhetoricis
790 2328 843 2392 via
871 2332 966 2413 atque
993 2330 1104 2393 ordine
1130 2330 1399 2414 progrediendum

259 2438 323 2515 est,
352 2435 389 2495 ut
415 2432 545 2495 tandem
574 2431 614 2494 ad
650 2452 802 2495 cacumen
835 2431 1013 2514 pervenias.
1059 2431 1204 2514 Scilicet,
1239 2432 1266 2494 si
1294 2431 1399 2495 locum

258 2537 344 2597 recte
371 2533 576 2616 interpretor,
605 2533 679 2616 quia
708 2532 825 2597 Caesar
853 2533 993 2596 studiose
1020 2533 1165 2596 imitatus
1193 2536 1262 2597 erat
1291 2534 1398 2597 omnia

258 2656 339 2719 quae
367 2638 460 2698 erant
486 2634 520 2697 in
548 2634 710 2697 Frontone
737 2636 891 2717 pessima,
925 2634 1008 2717 quod
1035 2635 1175 2698 solemne
1202 2635 1398 2698 imitatorum

258 2736 371 2799 vitium
394 2738 458 2817 est,
488 2736 643 2818 magister
665 2734 844 2818 exhorruit,
873 2736 964 2818 quasi
991 2758 1081 2800 suam
1108 2736 1234 2800 simiam
1255 2736 1395 2800 vidisset.

342 2836 381 2899 ln
410 2836 544 2919 epistola
571 2835 612 2918 V,
640 2836 683 2899 44
714 2836 835 2901 Fronto
863 2836 1032 2901 Caesarem
1060 2840 1226 2901 certiorem
1257 2838 1338 2901 facit
1364 2859 1397 2901 se

259 2940 439 3024 aegrotare,
465 2939 500 3001 in
524 2959 561 3001 ea
589 2960 623 3002 re
651 2939 753 3002 utitur
779 2939 876 3003 verbe
903 2940 1040 3023 quodam
1054 2938 1190 3023 Lucilii,
1218 2940 1315 3003 nimis
1349 2942 1399 3003 est

257 3039 426 3104 ridiculum
453 3039 620 3104 Caesarem
649 3040 755 3103 videre
782 3040 822 3123 V,
846 3041 905 3124 45,
936 3041 990 3124 qui
1012 3040 1072 3103 hoc
1098 3062 1164 3104 non
1191 3041 1394 3104 intellexerit.

257 3141 406 3226 Legimus
446 3144 614 3224 praeterea
647 3141 903 3225 adpropinquare
936 3143 1065 3224 partum
1103 3140 1276 3206 Faustinae
1317 3146 1397 3205 tunc

257 3243 361 3326 prima
389 3243 456 3306 vice
484 3243 645 3327 gravidae.
690 3242 772 3307 Erat
798 3243 1030 3307 vindemiarum
1056 3246 1183 3327 tempus
1217 3246 1249 3307 et
1276 3243 1396 3307 Fronto

256 3344 292 3407 in
313 3343 553 3427 imperatoriam
574 3344 683 3407 villam
705 3345 906 3428 profecturus
928 3348 1007 3427 erat,
1032 3366 1103 3408 cum
1124 3345 1240 3408 iterum
1262 3345 1397 3409 sentiret

257 3465 359 3529 genus
381 3445 520 3508 dolerem
542 3445 582 3528 V,
605 3447 657 3510 46.
686 3446 872 3530 Respondet
887 3445 1004 3510 Caesar
1025 3446 1060 3509 in
1082 3446 1174 3529 epist.
1197 3445 1238 3527 V,
1261 3447 1313 3530 47,
1337 3468 1397 3509 nee

256 3546 324 3629 ipse
346 3546 425 3610 satis
446 3546 581 3611 validus.
625 3548 734 3611 Tertia
763 3552 795 3612 et
817 3551 933 3631 quarta
958 3548 1027 3611 vice
1048 3544 1169 3610 Fronto
1195 3551 1343 3631 aegrotat
1364 3550 1397 3610 91
1461 3538 1463 3541 ’

257 3646 375 3712 Caesar
395 3648 544 3712 rescribit
565 3648 606 3731 V,
629 3649 684 3724 48.Ι
705 3650 757 3712 49.
781 3649 833 3712 50.
856 3649 908 3712 51.
936 3648 1066 3732 Peperit
1087 3647 1242 3712 Faustina
1265 3652 1297 3711 et
1317 3648 1397 3712 vidit

180 3803 183 3806 ,
255 3747 378 3812 Fronto
398 3747 570 3832 infantem,
594 3748 634 3832 V,
658 3750 709 3832 52,
733 3750 817 3833 quod
840 3749 969 3814 Caesari
991 3753 1119 3834 gratum
1141 3753 1190 3812 est
1212 3748 1251 3832 V,
1275 3749 1327 3814 53.

339 3847 411 3912 Nisi
433 3850 543 3914 tentia
565 3850 685 3914 indicia
706 3872 757 3915 me
781 3851 910 3933 fallunt,
941 3851 1051 3914 eodem
1072 3851 1139 3914 fere
1159 3854 1311 3933 tempore,
1340 3853 1396 3914 sed

255 3949 351 4033 paulo
372 3953 455 4033 post,
486 3951 606 4034 scripta
628 3951 691 4015 fuit
713 3951 857 4016 Caesaris
880 3952 1014 4036 epistola
1035 3951 1092 4034 IV,
1117 3953 1146 4016 8.
1184 3952 1334 4015 Nondum
1356 3952 1396 4014 ad

255 4051 363 4115 villam
377 4050 499 4115 Fronto
513 4053 672 4136 proficisci
686 4053 792 4137 potuit
807 4057 840 4116 et
855 4053 972 4118 019111
986 4076 1109 4137 quoquc
1124 4054 1266 4138 graviter
1286 4073 1395 4137 aegro-

254 4152 355 4234 tavit,
395 4152 483 4216 cuius
523 4154 738 4217 valetudinem
764 4155 857 4218 modo
893 4155 928 4218 in
957 4154 1093 4238 epistola
1118 4154 1164 4237 V,
1190 4156 1231 4218 41
1269 4155 1395 4218 videba-

254 4275 324 4317 mus
346 4256 424 4318 trmc
446 4255 611 4318 nonsatis
633 4242 758 4318 firmam
785 4255 894 4319 1111119.
939 4254 1026 4331 Quae
1054 4256 1197 4339 sequitur
1223 4254 1394 4320 Frontonis

254 4354 389 4438 epistola
416 4354 472 4438 IV,
496 4357 526 4438 9,
556 4356 591 4419 in
620 4379 657 4419 ea
684 4379 750 4420 non
777 4357 949 4440 respondet
976 4358 1017 4421 ad
1044 4358 1222 4441 superiores
1250 4355 1395 4422 Caesaris

253 4455 388 4538 litteras,
417 4457 472 4520 sed
501 4458 541 4520 ad
568 4457 649 4520 alias
678 4479 759 4541 quae
786 4459 961 4541 perierunt.
1006 4457 1110 4521 Homo
1137 4458 1233 4521 miser
1263 4463 1395 4523 vexatur

253 4545 379 4620 humeri
394 4556 509 4621 dolore.
538 4558 702 4642 Epistolae
714 4558 771 4642 IV,
788 4560 828 4622 10
848 4582 915 4623 non
936 4559 1000 4623 nisi
1020 4581 1155 4642 parvum
1176 4559 1395 4644 fragmentum

254 4660 415 4722 servatum
444 4662 508 4738 est,
547 4660 631 4744 quod
664 4664 774 4723 tamen
807 4660 958 4723 collatum
993 4682 1065 4744 eum
1093 4659 1134 4743 V,
1163 4661 1205 4724 53
1237 4661 1394 4725 indicabit

253 4756 426 4824 Frontonis
448 4759 558 4844 ffliam,
583 4761 729 4826 Gratiam
750 4762 918 4845 minorem,
947 4764 1058 4826 eadem
1078 4763 1146 4826 fere
1168 4766 1273 4826 aetate
1295 4762 1393 4826 fuisse
