3300 5950
338 790 387 843 AD
405 788 533 843 VERUM
551 788 672 843 IMPER.
691 786 882 841 AURELIUM
901 785 1094 841 CAESAREM
1110 786 1219 840 LIBER
1237 786 1270 839 ΙΙ.
1323 786 1384 851 125

924 964 1051 1023 Insidiis
1071 983 1164 1042 saepe
1180 965 1281 1022 autem
1297 971 1327 1021 et

1279 1054 1299 1080 m

926 1098 1187 1158 coniurationibus
1203 1120 1256 1159 ace
1275 1145 1280 1156 .
1300 1145 1306 1156 .

924 1184 992 1243 aliis
1008 1183 1219 1262 imperiumed
1237 1230 1243 1241 .
1263 1230 1269 1241 .
1288 1229 1294 1241 .
1314 1229 1319 1240 .
1338 1182 1376 1241 de

925 1270 1035 1329 lata...
1046 1289 1091 1327 ,66
1109 1267 1376 1344 ..SSEDNERIS

275 1471 279 1478 ·
339 1472 629 1534 rmnrnsnon

339 1558 592 1637 AQUILAEET

236 1979 260 2063 13
286 2029 292 2041 .
320 2028 327 2041 .
354 2028 359 2041 .
388 2028 394 2040 .
418 1978 488 2041 Iam
504 1976 792 2066 Gatoinspaniam
813 1977 1035 2060 recuperabat,
1059 1977 1124 2039 iam
1147 1975 1312 2040 Gracchus
1334 1977 1377 2038 lo·

235 2080 331 2143 calcat
361 2081 474 2142 Asiam
505 2081 537 2142 61
558 2078 796 2163 Karthaginem
817 2078 938 2141 viritim
966 2078 1146 2142 dividebat⁴
1170 2127 1376 2141 .......

235 2182 279 2245 Μ.
304 2180 428 2245 Pullius
456 2203 615 2245 summum
637 2202 904 2264 supraemumque
931 2202 966 2243 os
988 2202 1140 2243 romanae
1163 2180 1294 2263 linguae
1315 2179 1378 2241 suit

189 2315 193 2321 ·
236 2332 376 2346 .....
403 2284 427 2367 15
452 2332 460 2347 .
486 2333 492 2344 .
520 2333 526 2345 .
550 2282 662 2365 vellet,
687 2280 797 2347 Cicero
819 2285 927 2344 autem
949 2281 1156 2363 modulatius3
1184 2302 1240 2344 vos
1262 2281 1378 2344 utriusss

234 2385 316 2468 que6
339 2406 469 2468 operam
492 2387 657 2468 gestantes
680 2388 870 2448 mehercules
891 2390 921 2447 ic
943 2384 1029 2446 viam
1050 2382 1189 2446 reditisl.

321 2570 338 2607 a
356 2558 390 2606 In
402 2558 529 2621 marpine:
548 2552 691 2620 Plerisque
704 2552 790 2607 etiam
801 2551 923 2621 indignis
934 2558 1067 2621 paternus
1079 2552 1155 2604 locus
1167 2550 1316 2620 imperium
1327 2568 1378 2620 per

234 2654 331 2691 manus
350 2636 461 2691 detulit:
479 2637 549 2691 haut
567 2655 644 2692 secus
662 2655 746 2705 quam
763 2638 847 2707 pullis
865 2636 971 2703 avibus,
990 2636 1089 2704 quibus
1102 2636 1195 2690 omnia
1211 2635 1321 2703 generis
1339 2637 1379 2688 in·
1421 2655 1426 2664 ·

235 2721 336 2790 signia,
356 2721 440 2776 crista
458 2724 486 2776 61
503 2722 599 2791 pluma
617 2724 646 2777 et
664 2724 760 2777 cantus
779 2723 807 2775 et
823 2721 936 2791 vigiliae
953 2722 1066 2791 praesto
1085 2725 1155 2775 sunt.

318 2806 427 2875 Regum
449 2806 479 2859 bl
498 2850 502 2860 .
524 2850 529 2860 .
553 2850 558 2859 .
580 2850 585 2859 .
614 2808 746 2872 (cecidere
769 2818 878 2875 quatuor
903 2814 943 2861 vel
959 2812 1067 2875 quinque
1085 2808 1217 2873 vocabula)
1243 2804 1272 2858 in
1299 2806 1378 2859 utero

235 2890 333 2945 matris
352 2908 460 2944 summa
477 2891 534 2944 iam
551 2892 676 2960 potestas
700 2890 841 2950 destinata
863 2893 916 2945 cst:
947 2890 1102 2945 obstetricis
1124 2909 1209 2945 manu
1231 2890 1379 2960 imperium

235 2975 435 3046 adipiscuntur.

319 3062 395 3115 lnter
416 3062 535 3114 Remum
558 3065 587 3115 61
609 3061 758 3115 Romulum
782 3060 897 3114 diversis
918 3062 1061 3115 montibus
1088 3073 1251 3130 augurantes
1270 3081 1329 3115 aces
1347 3068 1378 3115 de

218 3139 328 3201 ‘rerum
346 3163 454 3200 summa
471 3144 667 3203 iudicaverunt.
692 3150 728 3199 Et
746 3163 856 3215 regnum
873 3146 1016 3200 Persarum
1035 3189 1147 3201 .....
1168 3163 1251 3214 equm
1270 3189 1275 3200 .
1296 3190 1301 3200 .
1324 3189 1329 3199 .
1351 3189 1378 3199 ..

236 3231 291 3285 sois
304 3231 446 3301 6611011618)
461 3274 466 3283 .
482 3246 558 3284 Ι1101
577 3247 658 3284 cursu
677 3230 727 3285 sed
745 3251 865 3300 equorum
881 3229 974 3300 priore
991 3230 1074 3285 innita
1089 3274 1323 3285 ..........
1342 3246 1382 3300 pc

237 3361 242 3370 .
268 3358 486 3371 .........
505 3314 1005 3378 111.6,...11.,..111111111...

304 3407 412 3470 Lepitur
429 3411 568 3470 praetereo
579 3405 613 3472 =ic
629 3406 678 3455 imo
695 3406 824 3471 mospius:

339 3527 640 3540 .............
659 3486 755 3540 ventia

339 3614 343 3624 .
365 3614 369 3624 .
392 3614 397 3624 .
416 3570 470 3625 ista
488 3569 625 3624 dimineen
645 3572 719 3624 sorte

338 3673 435 3710 aversa
454 3655 483 3709 in
501 3673 554 3709 avr
574 3699 578 3709 .
600 3699 604 3709 .
627 3699 631 3709 .
651 3672 703 3709 ran

338 3757 382 3795 ser
402 3783 407 3793 .
429 3784 434 3793 .
456 3785 460 3794 .

323 3916 335 3963 1
359 3909 461 3979 incipit
479 3910 568 3964 altera
587 3911 722 3965 columna.
760 3910 891 3965 Ceterum
908 3912 940 3964 ut
957 3910 1037 3978 alibi,
1057 3910 1097 3965 616
1113 3911 1159 3965 hic
1177 3927 1287 3979 quoque
1306 3910 1380 3978 quod
1439 3911 1443 3918 '

238 3992 375 4063 suppleri,
394 3992 515 4063 expressi
532 3993 633 4048 litteris
650 3994 760 4062 italicis,
779 4012 850 4063 quae
869 3995 1006 4050 dicuntur.

321 4085 336 4131 2
356 4077 486 4145 Sequitur
506 4077 572 4132 Cori.
592 4079 688 4132 Ambr.
708 4097 735 4148 p.
755 4085 813 4147 419,
832 4097 903 4147 quac
920 4081 983 4135 tota
1000 4080 1115 4134 interiit.

302 4170 337 4218 ‘3
356 4162 485 4230 Sequitur
504 4163 569 4218 Cod.
590 4164 685 4217 Ambr.
705 4183 732 4232 p.
750 4169 812 4230 418,
834 4164 862 4216 in
884 4181 939 4232 qua
954 4166 1065 4219 tantuin
1084 4165 1155 4220 duae
1172 4166 1302 4235 prostant
1322 4181 1380 4218 sen—

236 4248 341 4303 tentiae
359 4247 388 4301 in
406 4249 540 4319 margine.

321 4340 337 4387 4
356 4335 389 4387 cf.
403 4334 542 4387 Plutarch.
555 4334 585 4387 in
592 4333 732 4400 Gracchis,
746 4331 1039 4402 (116611111111111119,
1053 4335 1217 4404 chep.Hl.
1229 4341 1269 4390 29.
1284 4340 1380 4389 Maius.

322 4423 337 4470 ὅ
355 4416 457 4487 Incipit
475 4417 541 4472 Cod.
560 4419 656 4472 Ambr.
676 4436 703 4487 p.
723 4424 781 4485 411,
799 4419 944 4488 perforata
961 4423 990 4473 et
1006 4406 1147 4473 lacunosa.

321 4507 337 4554 6
356 4499 645 4567 commutantem:
668 4499 819 4574 perperam
835 4502 937 4557 Maius:
962 4509 1098 4573 virtusque.

322 4591 336 4639 1
355 4584 444 4639 Aliter
460 4586 564 4654 Maius,
587 4586 636 4640 sed
653 4604 815 4663 perperam
837 4587 867 4640 in
885 4587 1093 4656 supplementis,
1112 4603 1183 4655 quae
1202 4587 1319 4644 exhibeo
1338 4588 1381 4642 lit-

237 4667 304 4723 teris
322 4669 432 4736 italicis,
449 4673 558 4725 secutus
576 4690 636 4725 sum
653 4673 816 4726 lacunarum
829 4672 929 4741 spatia.
955 4671 1081 4741 Quinque
1097 4676 1257 4742 postremae
1269 4674 1382 4728 litterae

237 4755 311 4824 apud
327 4753 433 4808 Maium
451 4754 558 4809 desunt.

321 4845 336 4894 8
356 4837 480 4893 Corneio:
493 4839 530 4893 Et
541 4856 658 4910 regnum
670 4841 818 4896 Persarum
827 4862 890 4897 unies
899 4859 999 4912 regum
1011 4848 1067 4897 olim
1077 4842 1192 4897 tenuisse
1200 4839 1319 4897 habetur
1328 4845 1380 4898 cet.
