3300 5950
454 760 503 817 AD
521 760 557 815 Μ.
572 757 763 817 CAESAREM
781 757 828 816 ΕΤ
846 754 999 817 INVICEM
1016 755 1123 816 LIBER
1140 756 1186 816 111.
1350 762 1391 827 43

252 934 301 997 et'
329 932 474 1016 spoliatis
496 933 678 997 hominibus
700 934 780 1017 ital²
803 935 843 997 a³
863 955 914 997 me
936 934 1093 1015 dicentur,
1118 936 1154 995 ut
1175 933 1219 995 fel
1242 935 1274 995 et
1296 932 1393 995 bilem

197 1023 205 1037 ⁰
252 1035 394 1118 sapiant:
418 1034 520 1098 sicubi
542 1036 728 1119 graeculum
750 1040 784 1100 et
806 1037 971 1099 indoctum
991 1035 1109 1116 dixero,
1133 1055 1198 1097 non
1214 1033 1275 1096 erit
1294 1034 1391 1096 inter-

251 1137 409 1200 necivum.
433 1135 524 1218 Vale,
550 1137 683 1220 Caesar,
708 1140 740 1200 et
761 1159 822 1219 me,
847 1140 884 1200 ut
904 1136 997 1217 facie,
1022 1158 1093 1198 ama
1115 1135 1296 1218 plurimum.
1320 1133 1392 1217 Ego

250 1258 325 1300 vero
348 1237 447 1300 etiam
468 1236 626 1303 litterulas
648 1242 721 1301 tuas
743 1238 816 1301 dis.
835 1239 942 1301 amo⁴z
966 1258 1063 1320 quare
1080 1238 1215 1320 cupiam,
1240 1235 1292 1298 ubi
1316 1235 1392 1318 quid

252 1338 291 1401 ad
313 1360 364 1403 me
386 1338 516 1421 scribes,
539 1342 596 1403 tua
616 1361 715 1403 manu
737 1338 869 1403 scribas.

628 1507 692 1573 IV.
724 1507 824 1573 Have
847 1506 1010 1573 Domine.

335 1642 451 1708 Clausa
473 1642 538 1705 iam
565 1646 598 1706 et
619 1643 791 1726 obsignata
817 1642 954 1725 epistula
979 1644 1118 1727 priore,
1136 1645 1225 1707 venit
1250 1644 1330 1707 mihi
1357 1646 1392 1708 in

250 1747 392 1807 mentem
413 1744 497 1825 fore,
526 1743 575 1806 uti
597 1748 630 1807 et
651 1744 706 1827 dui
729 1766 859 1807 causam
880 1743 965 1807 hanc
987 1736 1124 1828 agunt⁵3
1154 1746 1257 1808 acturi
1285 1748 1391 1809 autem

252 1844 428 1928 complures
450 1846 614 1927 videntur,
643 1845 752 1908 dicant
775 1845 894 1929 aliquid
921 1846 957 1908 in
978 1844 1129 1909 Heroden
1151 1846 1391 1911 inclementius:

251 1947 302 2010 cui
331 1946 393 2027 rei,
430 1946 693 2028 quemadmodum
721 1967 772 2009 me
799 1968 900 2028 unum
927 1948 1041 2029 putaS,
1070 1947 1216 2029 prospice
1227 1946 1249 2009 ⁶.
1298 1947 1389 2027 Vale,

250 2046 396 2129 Domine,
421 2050 454 2110 et
475 2046 557 2128 vive,
580 2049 617 2110 ut
639 2068 699 2131 ego
721 2049 782 2110 sim
803 2040 926 2111 beatus.
949 2046 1064 2111 Acturi
1085 2047 1235 2111 videntur
1256 2047 1391 2130 Capreo-

249 2147 316 2230 luS,
346 2148 400 2231 qui
428 2169 515 2211 nunc
538 2146 639 2229 abest,
669 2150 702 2211 et
729 2147 934 2212 Marcianus⁷
963 2149 1108 2231 noster⁸;
1140 2149 1266 2212 videtur
1294 2149 1391 2213 etiam

249 2248 419 2313 Villianus.

507 2417 549 2483 v.
578 2379 907 2485 novomercato
930 2373 1132 2486 carissime.

333 2553 403 2617 Iam
424 2552 501 2617 hinc
521 2554 592 2637 tibi,
615 2554 660 2617 mi
682 2553 802 2618 Fronto
832 2554 1005 2637 carissime,
1035 2554 1158 2638 gratias
1186 2575 1248 2638 ago
1274 2553 1390 2618 habeo-

250 2677 321 2738 que,
346 2676 418 2718 cum
441 2655 608 2718 consilium
635 2677 742 2719 meum
768 2676 835 2719 non
861 2658 990 2719 tantum
1018 2676 1085 2719 non
1106 2655 1299 2738 repudiasti,
1336 2656 1391 2719 sed

250 2756 347 2819 etiam
370 2757 584 2839 comprobasti.
629 2756 678 2819 De
700 2756 739 2818 iis
763 2760 880 2838 autem,
904 2778 985 2840 quae
1006 2778 1064 2839 per
1085 2756 1210 2821 litteras
1237 2756 1390 2820 amicissi-

249 2879 318 2919 mas
345 2860 419 2920 tuas
448 2857 587 2920 consulis
594 2908 602 2939 ,
638 2858 684 2921 ita
718 2853 882 2921 existimo:
920 2858 1027 2921 omnia
1061 2879 1142 2941 quae
1174 2859 1215 2920 ad
1249 2879 1388 2938 causam,

249 2981 345 3041 quam
367 2958 477 3041 tueriS',
501 2958 658 3041 adtinent,
683 2959 778 3042 plane
800 2959 1032 3045 proferunda93
1060 2979 1141 3043 quae
1164 2958 1204 3021 ad
1219 2961 1298 3039 tuas
1320 2981 1390 3042 pro-

250 3061 336 3143 prias
365 3060 561 3125 adfectiones
592 3061 759 3143 adtinent,
787 3060 865 3125 licet
892 3061 978 3124 iusta
1002 3061 1041 3144 1¹⁰
1063 3064 1096 3123 et
1118 3063 1290 3143 provocata
1312 3060 1388 3141 sint,

249 3164 359 3225 tamen
381 3161 554 3225 reticenda.
585 3160 698 3245 Itaque
720 3183 824 3245 neque
846 3162 941 3225 fidem
962 3162 997 3225 in
1019 3162 1150 3245 negotio
1172 3159 1387 3243 pannychioll

143 3278 148 3285 ·
250 3284 352 3346 neque
374 3263 562 3325 modestiam
583 3263 619 3326 in
641 3263 878 3326 existimatione
905 3266 961 3325 tua
986 3262 1117 3327 laeseris
1142 3312 1148 3324 .
1175 3311 1182 3324 .
1209 3312 1215 3324 .
1239 3284 1289 3324 me
1314 3312 1320 3323 .
1347 3311 1354 3324 .
1381 3313 1387 3323 .

249 3364 291 3426 tis
308 3414 327 3454 Ι,
355 3413 361 3426 .
388 3413 394 3426 .
423 3363 463 3427 lis
492 3365 589 3428 ceteri
615 3364 694 3427 mihi
724 3414 731 3427 .
758 3414 765 3426 .
794 3367 863 3427 tam
887 3414 894 3426 .
921 3413 927 3426 .
953 3367 985 3427 et
1012 3364 1123 3427 dicant
1150 3385 1230 3446 quae
1255 3412 1261 3424 .
1288 3412 1293 3424 .
1324 3385 1389 3425 una

249 3462 329 3528 haec
352 3486 428 3528 cura
450 3465 588 3528 maxime
610 3464 696 3528 me¹²,
718 3469 860 3548 exercet,
889 3465 1026 3547 nequid
1048 3464 1164 3528 tutele
1180 3465 1281 3545 dicae,
1306 3464 1389 3546 quod

335 3707 348 3754 l
368 3700 434 3754 Cod.
453 3719 495 3769 pr.
515 3719 550 3753 m.
570 3711 618 3754 aet.

245 3804 248 3811 ·
334 3792 349 3838 2
367 3785 468 3855 Incipit
485 3784 552 3838 Ood.
570 3785 632 3838 Vat.
653 3803 680 3853 p.
696 3791 751 3838 118.

333 3877 349 3924 3
368 3868 433 3923 Cod.
453 3887 494 3938 pr.
513 3886 549 3920 m.
570 3875 612 3922 ad.

332 3960 348 4007 4
366 3953 410 4006 Ita
427 3952 532 4006 Codex:
551 3959 591 4007 dtr
604 3993 610 4006 .
624 3973 687 4015 amo,
705 3953 852 4008 interiecto
869 3953 982 4022 puncto.
1019 3953 1170 4022 Hauptius:
1189 3960 1307 4009 dissueto.
1380 3970 1382 3974 ·

334 4043 349 4095 ὁ
368 4035 468 4101 Quidni
486 4043 578 4104 spent?

333 4127 348 4175 6
367 4121 434 4175 Cod.
453 4137 505 4174 seo.
525 4139 560 4174 m.
579 4127 737 4190 prospicere.

333 4212 348 4259 7
367 4205 579 4259 Iurisconsultus
596 4205 626 4258 in
644 4205 759 4273 digestis
777 4224 861 4276 saepe
879 4207 1016 4262 laudatus.
1053 4212 1148 4261 Maius.

333 4295 349 4343 8
367 4290 399 4341 In
418 4288 517 4344 Codice
535 4307 645 4344 erasum
662 4297 768 4345 videtur.

333 4380 348 4427 9
367 4373 433 4427 Ood.
453 4391 506 4427 sec.
526 4392 562 4427 m.
580 4380 749 4443 proferenda.

317 4464 347 4510 10
365 4456 466 4526 Incipit
484 4457 550 4511 (lod.
568 4457 632 4532 Vat.
652 4478 680 4528 p.
695 4466 752 4526 117,
771 4477 843 4527 quae
859 4461 923 4514 tota
939 4461 1022 4529 nigra
1039 4463 1089 4515 est.

316 4548 345 4593 11
364 4541 538 4595 Vocabulum
554 4542 665 4596 videtur
686 4543 715 4596 in
736 4543 917 4613 responsione
940 4546 1078 4614 explicare
1096 4546 1209 4610 Fronto
1228 4563 1290 4598 cum
1308 4545 1385 4599 dicit:

246 4632 269 4678 si
286 4646 387 4693 operans
401 4632 535 4694 perpetuis
552 4632 716 4682 oracionibus.
740 4627 870 4682 Ceterum
886 4629 1011 4682 Marcum
1026 4629 1122 4684 litibus
1135 4628 1278 4683 audiendis
1291 4629 1386 4683 noctes

247 4708 332 4764 otiam
348 4709 518 4778 impendisse
537 4711 645 4765 scimus.
676 4716 770 4768 Maius.

315 4800 346 4847 12
364 4793 449 4847 Addit
466 4793 634 4863 Schopenus.
