3300 5950
304 795 342 857 10
510 791 545 845 Μ.
566 780 734 845 CORNELII
752 789 959 843 FRONTCNIS
977 788 1232 844 EPISTULARUM

261 1020 265 1023 .
301 964 381 1027 Sed¹
405 964 480 1046 quid
502 984 631 1024 somnus
653 961 755 1024 feeit?

537 1066 635 1143 βουλὴ
659 1065 694 1128 δὲ
716 1065 794 1141 κακὴ
817 1063 940 1141 νὶιηγεεν
964 1062 1105 1141 ἑταίρων.

431 1166 527 1230 άεκὸν
551 1166 607 1244 μὲν
631 1168 738 1246 λῦεαν,
761 1164 872 1242 ἄνεμοι
895 1164 923 1227 δ’
939 1164 972 1227 ἐκ
994 1165 1113 1229 πάντεε
1136 1164 1285 1245 ὄρουεαν,

425 1268 501 1331 τοὺ(
524 1267 551 1330 δ’
567 1265 638 1344 αἶψ’
660 1265 822 1344 ἁρπάξαεα
845 1264 964 1344 φέρενῖ
986 1265 1146 1330 πόντονδε
1170 1267 1288 1329 θύελλα

425 1368 592 1432 κλαίοντα(
599 1417 608 1449 ,
631 1366 720 1445 γαίη(
743 1366 807 1430 ἄπο
831 1366 990 1444 πατρίδος.

300 1484 382 1560 Quid
403 1507 529 1547 rursum
551 1487 630 1567 aput
651 1483 790 1547 insulam
813 1483 1038 1547 Trinacriam?

427 1587 457 1651 οἱ
480 1588 507 1651 δ’
523 1586 584 1665 ἄρα
607 1607 659 1665 μοι
681 1586 799 1660 γλυκὺν
822 1586 926 1651 ὕπνον
949 1587 1001 1650 ἐπὶ
1025 1587 1228 1666 βλεφάροιειν
1251 1586 1375 1663 ἔχευαν.

426 1688 607 1767 Εὐρύλοχος
631 1687 657 1750 δ’
673 1686 807 1764 ἑτάροιει
830 1691 925 1765 κακῆε
948 1687 1096 1766 ἐξήρχετο
1120 1691 1242 1767 βουλῆς.

269 1871 271 1875 ,
299 1804 414 1868 Postea
436 1805 490 1867 ubi

536 1907 673 1972 Ἠελίοιο
698 1907 773 1987 βόα(
795 1909 846 1971 καὶ
868 1907 939 1987 ἴφια
962 1910 1045 1985 μῆλα

704 2008 843 2087 ἕεφαξαν
866 2009 917 2071 καὶ
939 2008 1064 2086 ἔδειραν

451 2112 502 2174 καὶ
524 2111 594 2188 μῆρ’
617 2110 691 2188 ἐκάη
714 2110 765 2173 καὶ
787 2108 940 2186 επλάγχν’
963 2109 1129 2174 ἐπάεαντο.

300 2226 382 2301 Quid
404 2230 473 2290 tum
489 2225 698 2321 ¹expergitus³
721 2224 857 2289 Ulixes?

427 2346 562 2425 οἰμώξας
586 2348 621 2411 δὲ
644 2350 742 2409 θεοῖει
766 2346 830 2423 μετ’
853 2344 1034 2409 ἀθανάτοιο
1057 2346 1234 2420 γεγώνευν·

425 2447 444 2525 ἦ
468 2468 505 2526 με
528 2447 599 2525 μάλ’
621 2446 665 2510 εἰ(
688 2445 765 2524 άτην
788 2448 955 2525 κοιμήεατε
977 2447 1065 2524 νηλέι
1087 2447 1187 2531 ὕπνῳ.

385 2562 521 2627 Somnus
559 2566 667 2627 autem
699 2562 817 2627 Ulixen
854 2584 895 2625 ne
927 2564 1067 2645 patriam
1102 2563 1230 2646 quidem
1262 2586 1353 2627 suam
1385 2565 1439 2628 diu

300 2666 508 2750 agnasoeret⁴
529 2665 613 2747 sivit,
638 2664 726 2727 euius

485 2785 555 2848 5καὶ
576 2785 700 2849 καπνὸν
724 2782 975 2862 ἀποθρώεκοντα
997 2788 1107 2863 νοῆται

426 2885 462 2963 ἦε
484 2885 574 2964 γαίη(
597 2885 721 2949 θανέειν
744 2884 889 2964 ἱμείρετο.
982 2954 994 2970 N

298 3004 394 3068 Nune
417 3025 435 3066 a
457 3003 585 3067 Laertio
614 3004 652 3066 ad
675 3003 824 3066 Atridam
846 3005 984 3066 transeo.
1036 3001 1120 3065 Nam
1148 3003 1226 3067 illud
1254 3005 1436 3089 noccobirJss,
1495 2998 1497 3003 ⁵

298 3107 381 3189 quod
404 3128 475 3168 eum
497 3105 632 3188 decepit,
657 3105 745 3168 ouius
769 3126 864 3168 eausa
887 3107 938 3192 tot
949 3103 1092 3188 legiones
1108 3103 1298 3188 funduntur,
1321 3107 1437 3190 fugan-

298 3209 361 3288 tur,
386 3229 424 3270 ex
446 3228 557 3269 somno
580 3209 612 3268 et
634 3227 672 3269 ex
694 3207 817 3269 somnio
839 3206 983 3288 profecto
1006 3206 1116 3269 oritur.

383 3305 494 3388 Quid,
519 3328 613 3390 quom
637 3307 803 3386 ὁποιητὴε
818 3309 1096 3389 Agamemnonem
1118 3306 1238 3391 laudat,
1270 3309 1344 3392 quid
1368 3309 1438 3372 ait?
1478 3305 1481 3308 ”

298 3509 390 3593 Quid,
415 3530 510 3593 quom
531 3507 781 3591 repraehendit?

425 3612 464 3675 οιί
487 3614 545 3691 χρὴ
568 3611 746 3689 παννύχιον
769 3611 872 3675 εὕδειν
896 3613 1103 3692 βουληφόρον
1126 3611 1236 3699 ἄνδρα.

298 3710 383 3786 Quos
405 3711 532 3794 quidem
555 3732 662 3773 versus
685 3713 792 3774 orator
814 3711 962 3794 egregius
985 3711 1083 3776 mire8
1106 3713 1267 3806 quondam
1289 3714 1413 3778 evertit.
1522 3753 1526 3756 ·

299 3876 499 3890 —1-——

366 3979 464 4033 lCod.
484 3983 526 4033 Se.

364 4063 761 4133 mmmmmms

365 4156 380 4202 3
399 4148 502 4202 Codex:
522 4154 680 4217 expereitrs;
702 4148 802 4202 Maius:
821 4161 953 4217 eoepertres.
988 4149 1092 4204 Veram
1110 4149 1276 4219 scripturam
1294 4150 1350 4206 iam
1369 4152 1436 4208 divi-

295 4235 397 4287 narant
414 4233 603 4286 Berolinenses
620 4233 649 4286 in
666 4233 815 4287 Addendis.
1445 4303 1448 4311 ἱ

337 4374 339 4378 ,
363 4317 441 4370 elta
464 4315 563 4371 Codex,
609 4316 796 4389 Heindorfius:
820 4325 931 4374 interdiu
955 4339 1094 4386 αρηοοοενε
1117 4326 1181 4374 sivit.
1228 4319 1381 4376 Iacob'eius:
1405 4345 1435 4390 ne

295 4407 406 4468 patrium
425 4407 622 4479 quaesitomstio
640 4413 798 4470 agnosceret.

364 4489 379 4538 5
396 4484 496 4552 Incipit
514 4484 579 4538 Cod.
598 4486 724 4540 Ambroa
744 4505 771 4555 p.
785 4494 825 4541 97.

364 4575 379 4619 θ
397 4569 515 4637 Propter
538 4569 643 4623 Maium
664 4588 763 4626 moneo
786 4571 824 4625 sio
847 4574 921 4626 rect-e
944 4574 1000 4641 legi
1022 4573 1051 4626 in
1074 4573 1186 4640 Codioe;
1217 4578 1322 4630 ceteras
1344 4578 1435 4631 variae

295 4651 428 4705 lectiones
446 4651 475 4704 in
492 4653 606 4707 Homeri
623 4655 765 4708 versieulis
784 4671 840 4708 non
859 4655 960 4709 curavi.

364 4743 377 4789 7
398 4735 501 4790 Codex:
520 4745 595 4807 quod.

364 4825 379 4874 8
396 4819 569 4875 Vocabulum
588 4823 665 4878 deest
683 4840 748 4878 casu
766 4823 794 4876 in
813 4823 879 4878 odit.
899 4825 977 4879 Rom.
1014 4825 1107 4882 Habet
1123 4825 1195 4882 Med.
