3300 5950
296 780 356 842 170
502 776 538 829 M.
553 775 722 830 CORNELII
739 773 947 829 raonnonls
965 773 1220 829 EPISTULARUM

472 1031 541 1097 IX.
587 1028 784 1116 (Antonino
806 1031 874 1097 Pio
896 1028 1058 1113 Augusto
1080 1030 1244 1114 Fronto.)
1350 1083 1353 1087 ,

292 1237 297 1249 .
324 1237 331 1249 .
357 1236 363 1249 .
391 1236 397 1248 .
422 1185 608 1249 Amicorum
629 1206 772 1248 meorum
794 1185 872 1249 fecit
894 1185 1059 1266 modestia,
1083 1184 1201 1267 nequid
1223 1184 1357 1268 inprobe
1379 1206 1432 1266 pe·
1459 1256 1464 1262 ,
1516 1230 1518 1233 >

289 1290 390 1351 terem
408 1336 1080 1351 .....................
1091 1286 1113 1369 {¹
1145 1284 1272 1369 Equitio
1294 1285 1432 1348 Romani

289 1389 383 1452 unius
408 1388 646 1452 contubernalis
668 1388 729 1451 mei
760 1387 861 1452 Sextii
884 1386 1068 1471 Calpurnii²
1096 1387 1288 1471 dignitatem
1316 1389 1431 1470 rogatu

289 1513 359 1554 meo
382 1491 543 1554 exornasti
566 1490 688 1554 duabus
710 1490 774 1553 iam
796 1489 1074 1573 procurationibus
1097 1488 1190 1552 datis.
1223 1487 1272 1551 Ea
1294 1510 1354 1572 ego
1377 1488 1431 1550 du-

290 1614 380 1655 arum
408 1593 669 1675 procurationum
697 1592 852 1655 beneficia
875 1594 988 1674 quater
1015 1612 1163 1672 numer03
1196 1591 1246 1654 bis
1280 1612 1352 1653 cum
1380 1591 1431 1653 de·

289 1693 363 1756 disti
389 1695 646 1777 procurationes,
675 1694 815 1776 itemque
844 1692 893 1756 bis
923 1714 995 1756 cum
1022 1693 1243 1756 excusationes
1270 1691 1429 1775 recepisti.

374 1794 557 1878 Supplicavi
573 1796 632 1859 tibi
647 1796 712 1859 iam
726 1817 783 1878 per
795 1795 962 1859 biennium
972 1816 1031 1877 pro
1046 1793 1217 1877 Appian0³
1232 1793 1334 1857 amico
1348 1815 1429 1875 meo,

289 1918 360 1960 oum
383 1918 444 1979 quo
466 1896 546 1959 mihi
569 1900 601 1960 et
622 1899 714 1960 vetus
738 1896 933 1960 consuetudo
967 1898 1000 1959 et
1028 1895 1206 1959 studiorum
1234 1917 1309 1958 usus
1332 1917 1429 1978 prope

289 1997 493 2081 quotidianus
516 1998 698 2061 intercedit.
744 1996 828 2073 Quin
855 1998 960 2081 ipsum
983 2019 1106 2081 quoque
1130 1999 1252 2061 certum
1273 1996 1376 2060 habeo
1398 1999 1431 2059 et

290 2100 457 2163 adfirmare
479 2099 582 2162 ausim
605 2099 715 2163 eadem
735 2099 893 2163 modestia
915 2121 1056 2182 usurum,
1080 2120 1143 2182 qua
1165 2097 1357 2181 Calpurnius
1379 2098 1429 2161 lu-

290 2201 396 2264 lianus
418 2221 508 2263 meus
531 2223 606 2264 usus
629 2203 692 2265 est:
730 2201 899 2285 dignitatis
926 2201 1013 2265 enim
1040 2222 1116 2264 suae
1138 2201 1172 2264 in
1195 2202 1359 2264 senectute
1381 2223 1429 2263 or-

287 2303 413 2365 nandae
437 2324 548 2384 causa,
578 2324 645 2366 non
668 2303 842 2367 ambitione
865 2305 922 2366 aut
943 2304 1159 2385 procuratoris
1182 2302 1354 2385 stipendi14
1378 2326 1429 2366 cu-

286 2404 422 2487 piditate
454 2407 546 2487 optat
578 2404 712 2488 adipisci
745 2405 832 2468 hunc
865 2404 1029 2469 honorem.
1075 2404 1175 2469 (lum5
1208 2404 1345 2487 primum
1371 2426 1429 2487 pro

287 2504 438 2588 Appiano
460 2505 570 2588 petivi,
594 2505 641 2569 ita
661 2506 802 2590 benigne
818 2507 975 2571 admisisti
996 2529 1106 2591 preces
1121 2528 1219 2590 meas,
1244 2508 1280 2569 ut
1301 2527 1429 2589 sperare

286 2607 462 2671 deberema.
710 2605 717 2613 ’
1298 2666 1299 2669 ,

370 2708 519 2771 Proximo
553 2708 715 2791 superiore
750 2731 836 2773 anno
869 2711 994 2793 petenti
1021 2710 1101 2773 mihi
1134 2709 1292 2793 propitius
1326 2709 1429 2773 multa

287 2810 498 2892 respondisti:
535 2809 614 2874 illud
644 2832 718 2875 vero
746 2810 844 2874 etiam
867 2812 1014 2893 comiter,
1043 2812 1187 2875 futurum
1210 2814 1246 2874 ut
1269 2833 1341 2874 cum
1363 2811 1428 2895 Ap-

286 2911 394 2994 piano,
419 2933 468 2976 me
491 2916 637 2998 rogante,
661 2913 920 2997 procurationem
935 2914 1085 2996 dedisses,
1110 2913 1340 2978 causidicorum
1361 2936 1428 2978 sca·
1466 2986 1470 2994 ,

288 3014 380 3077 tebra
403 3018 586 3079 exoneretur
607 3015 692 3078 idem
713 3015 923 3098 petentiumss.
954 3015 1130 3080 Meministi
1154 3015 1251 3079 etiam
1273 3038 1367 3099 quem
1390 3016 1428 3079 de

287 3115 423 3179 Graecia
445 3117 603 3199 propitius
627 3119 659 3180 et
680 3116 787 3180 ridens
809 3117 1035 3180 nominaveris
1082 3115 1084 3119 ’

259 3282 266 3296 ,
371 3216 432 3281 Sed
455 3216 556 3280 multa
579 3217 716 3281 distant:
750 3215 874 3305 [aeltas
899 3219 1031 3301 orbitas,
1057 3219 1108 3282 cui
1130 3218 1298 3282 leniendae
1321 3219 1427 3303 s[ola]-

287 3318 343 3382 ciis
359 3340 438 3400 opus
456 3320 514 3381 est.
544 3319 657 3382 Ausim
675 3319 812 3403 l⁷dicere
828 3318 1032 3384 honestatem
1047 3342 1170 3404 quoque
1186 3322 1219 3384 et
1232 3320 1427 3403 probitatem

370 3588 387 3624 a
405 3575 438 3624 111
455 3577 583 3639 marpine:
602 3571 645 3625 lta.
662 3570 783 3641 benigne
802 3603 834 3611 -
853 3573 992 3627 deberem.

370 3814 381 3861 1
402 3808 502 3877 Incipit
520 3806 586 3861 Cod.
605 3826 632 3876 p.
652 3814 710 3862 329.

369 3893 446 3946 2Αᾶ
468 3891 647 3961 Calpurnium
674 3893 716 3947 est
742 3892 784 3947 Pii
806 3893 972 3963 rescriptum
996 3894 1052 3964 dig.
1076 3894 1131 3947 XL.
1157 3900 1178 3946 l.
1202 3899 1225 3947 8.
1263 3894 1426 3964 Calpurnius

286 3977 400 4046 quidam
418 3977 576 4046 appellatur
594 3976 623 4030 in
641 3993 684 4046 ep.
700 3983 713 4030 l
732 3977 796 4031 libri
814 3978 840 4031 H
857 3979 894 4032 ad
910 3978 1027 4033 Verum:
1045 3978 1114 4033 item
1130 3979 1160 4032 in
1177 3979 1326 4034 Faustinae
1344 3980 1423 4050 epist.

283 4060 331 4116 vit.
352 4060 427 4116 Cass.
447 4078 507 4130 cap.
528 4067 572 4114 10:
591 4061 710 4130 denique
727 4063 756 4116 in
775 4063 833 4117 vita
849 4062 937 4117 Marci
954 4081 1014 4134 cap.
1033 4069 1058 4118 8.
1094 4067 1189 4118 Metus.

368 4154 384 4200 3
402 4145 545 4215 Appianus
562 4145 592 4199 in
609 4148 711 4215 prael:
729 4148 772 4203 τί(
784 4150 815 4202 δὲ
828 4150 870 4204 ὢν
882 4153 973 4203 ταῦτὰ
985 4151 1154 4216 conamen,
1174 4152 1275 4204 πολλοὶ
1289 4151 1338 4216 μὲν
1356 4151 1425 4205 ituci

284 4235 328 4285 καὶ
352 4231 439 4285 αὐτὸ(
462 4232 624 4299 προὲφηνα·
649 4233 821 4300 (αφὲετερον
844 4235 873 4286 δ’
892 4233 984 4288 εἰπεῖν
1007 4234 1161 4287 Ἀππιανὸ(
1180 4234 1378 4302 Ἀλεξανδρεὺς
1396 4237 1425 4290 ἐ(

283 4319 319 4371 τὰ
342 4320 442 4382 πρῶτα
466 4318 545 4382 ἥκων
569 4317 600 4368 ἐν
622 4322 658 4384 τῇ
686 4316 798 4385 πατρίδι
819 4319 866 4371 καί
887 4318 973 4372 δίκαιε
992 4318 1023 4372 ἐν
1041 4318 1135 4384 Ῥώμῃ
1155 4321 1357 4385 (υναγορεύεαε
1379 4321 1424 4373 ἐπὶ

283 4405 344 4454 τῶν
363 4402 511 4466 βαειλὲων,
531 4401 609 4467 μέχρι
627 4417 660 4466 με
679 4405 760 4468 (φῶν
777 4403 973 4469 ἐπιτροπεύειν
992 4401 1120 4468 ἠξίωεαν,

367 4490 383 4537 4
402 4483 506 4537 Codex:
525 4490 669 4552 stipendiis.
707 4484 836 4540 Orellius:
854 4491 1030 4554 procuratoris*
1044 4491 1174 4555 stipendii.

367 4575 383 4623 5
401 4568 466 4623 eoo.
486 4588 527 4638 pr.
547 4587 584 4622 111.
606 4573 691 4634 Quart.

368 4659 383 4706 6
402 4653 487 4708 Suum
506 4653 637 4708 causidici
655 4653 776 4709 officium
793 4655 822 4709 et
839 4654 1028 4722 procuratoris
1046 4656 1201 4725 augustalis
1217 4658 1356 4712 memorat
1368 4659 1423 4726 Ap-

282 4737 381 4806 pianus
399 4738 462 4792 hist.
481 4738 624 4809 prohoem.
644 4739 688 4793 fin.
726 4743 820 4795 Maius.

368 4829 382 4877 7
401 4821 501 4894 Incipit
519 4822 585 4877 (lod.
607 4841 635 4894 p.
654 4829 713 4878 340.
