3300 5950
285 782 327 847 60
494 782 530 838 Μ.
545 781 714 839 CORNELII
731 783 937 839 PRONTONIS
954 783 1210 841 EPISTULARUM

600 954 653 1019 ΙΙ.
689 954 817 1021 Caesar
839 955 885 1020 Μ.
907 956 1114 1021 Frontoni.¹

371 1089 550 1156 Carissime.
596 1090 795 1174 Quamquam
828 1092 868 1154 ad
900 1094 932 1155 te
966 1113 1035 1154 cras
1067 1092 1160 1155 venio
1172 1143 1180 1174 ,
1214 1096 1323 1156 tamen
1355 1097 1424 1156 tam

287 1192 396 1255 amicis
418 1195 547 1276 tamque
563 1193 709 1256 iucundis
724 1192 841 1256 litteris
862 1193 938 1275 tuis,
961 1196 1030 1255 tam
1052 1193 1187 1277 denique
1210 1194 1422 1277 elegantibus,

285 1293 377 1375 nihil,
401 1316 442 1356 ne
464 1294 524 1356 hoc
548 1294 674 1377 quidem
697 1295 874 1377 tantulum,
903 1295 1077 1359 rescribere
1099 1309 1167 1358 non'
1191 1295 1349 1377 sustineo,
1379 1296 1423 1358 mi

285 1393 405 1458 Fronto
429 1395 600 1458 carissime.
646 1394 707 1459 Sed
730 1396 805 1479 quid
828 1418 887 1479 ego
909 1396 997 1479 prius
1020 1396 1147 1459 amem?
1171 1418 1229 1479 pro
1252 1419 1313 1479 quo
1335 1397 1424 1480 prius

285 1495 421 1558 habeam
443 1496 605 1579 gratiam?
637 1496 716 1560 ldne
738 1499 876 1581 primum
900 1519 1151 1580 commemorem,
1176 1498 1258 1581 quod
1273 1498 1307 1561 in
1322 1498 1423 1561 tantis

286 1597 466 1661 domesticis
494 1598 606 1662 studiis
636 1599 798 1682 tantisque
821 1598 967 1661 extrariis
995 1599 1133 1682 negotiis
1163 1602 1346 1682 occupatus,
1376 1603 1423 1662 ta-

285 1719 359 1761 men
382 1700 422 1761 ad
443 1699 605 1763 Iulianum
631 1703 777 1764 nostrum
798 1701 964 1764 visendum
991 1722 1061 1763 mea
1083 1701 1220 1764 maxime
1248 1700 1355 1785 gratia
1381 1738 1424 1750 -α

285 1822 361 1862 nam
383 1801 443 1863 sim
464 1801 611 1886 ingratus
633 1801 696 1867 nisi
718 1802 751 1864 id
772 1802 960 1886 intellegam
981 1837 1023 1849 —
1044 1803 1090 1865 ire
1114 1802 1239 1866 conisus
1263 1801 1339 1865 es2?
1362 1802 1423 1866 Sed

184 1951 191 1957 .
285 1923 350 1964 non
373 1924 526 1987 magnum
549 1907 611 1968 est:
633 1908 743 1967 tamen
765 1907 801 1966 ut
823 1908 882 1985 est,
910 1905 936 1967 si
960 1908 1064 1967 cetera
1087 1904 1194 1985 addas,
1224 1907 1316 1967 tanto
1346 1907 1422 1966 tem-
1509 1917 1511 1920 '

285 2000 371 2085 poris
400 2005 503 2087 spatio
529 2005 574 2068 ibi
602 2009 633 2068 te
662 2006 829 2087 demorari,
862 2009 989 2069 tanturn
1017 2005 1232 2089 sermocinari,
1267 2006 1361 2089 idque
1384 2005 1422 2068 de

285 2127 335 2167 me
358 2106 573 2188 sermocinari,
605 2109 660 2170 aut
685 2107 768 2190 quod
796 2107 836 2169 ad
858 2107 1073 2171 valetudinem
1102 2108 1168 2170 eius
1197 2107 1422 2170 consolandam

285 2209 382 2270 esset:
408 2229 543 2291 aegrum
572 2209 813 2271 commodiorem
842 2209 918 2291 sibi,
957 2210 1093 2273 amicum
1124 2209 1305 2272 amiciorem
1343 2208 1422 2271 mihi

284 2308 405 2371 facere:
427 2312 496 2371 tum
520 2312 627 2372 autem
649 2311 686 2372 (16
708 2310 747 2373 iis
771 2310 960 2394 singillatim
983 2312 1090 2373 adme
1112 2310 1317 2393 perscribere,
1341 2310 1422 2373 inibi

285 2410 423 2472 scribere
445 2411 595 2473 nuntium
617 2411 655 2473 (16
676 2411 746 2493 ipso
767 2411 893 2475 Iuliano
915 2412 1159 2496 optatissimum,
1184 2412 1281 2476 verba
1303 2412 1421 2475 suavis-

285 2510 374 2593 sima,
400 2511 532 2575 consilia
554 2512 777 2575 saluberrima:
800 2513 876 2596 quid
898 2513 986 2596 illud,
1011 2514 1094 2597 quod
1116 2513 1315 2576 dissimulare
1333 2514 1421 2576 nullo

283 2613 376 2675 modo
408 2634 557 2695 possum,
599 2614 683 2697 apud
716 2614 839 2676 alium3
876 2615 1154 2678 dissimulaturus?
1196 2614 1306 2697 utique
1343 2614 1422 2676 illud

283 2714 388 2796 ipsum
410 2714 493 2797 quod
515 2716 608 2778 tanta
630 2715 733 2778 adme
755 2716 922 2799 scripsisti,
947 2738 1018 2779 cum
1042 2738 1111 2779 cras
1129 2718 1282 2780 venturus
1304 2738 1420 2779 essem:

283 2816 316 2879 id
337 2837 411 2879 vero
432 2814 512 2878 mihi
540 2816 636 2899 longe
666 2815 730 2879 fuit
751 2817 980 2901 gratissimum,
1000 2819 1025 2902 l⁴
1039 2817 1074 2880 in
1102 2838 1138 2879 eo
1166 2819 1245 2900 ego5
1272 2840 1323 2880 me
1349 2818 1420 2880 bea-

283 2906 441 2981 tissimum
464 2938 560 3001 supra
582 2917 685 2982 omnis
713 2917 858 2983 homines
888 2918 1062 2983 arbitratus
1090 2939 1176 2982 sum:
1210 2941 1286 2982 nam
1308 2919 1419 3002 quant'

283 3042 333 3083 me
354 3020 477 3084 faceres
500 3024 716 3104 quantamque
744 3020 903 3085 amicitiae
932 3043 1021 3084 meae
1043 3021 1177 3084 haberes
1199 3020 1359 3103 fiduciam,
1386 3021 1421 3083 in

283 3144 319 3186 eo
333 3203 335 3206 .
350 3122 486 3185 maxime
519 3126 614 3206 atque
647 3122 828 3187 dulcissime
862 3123 1039 3186 ostendisti.
1085 3120 1167 3196 Quid
1202 3143 1262 3205 ego
1295 3122 1419 3205 addam,

282 3224 345 3286 nisi
367 3227 399 3286 te
421 3223 535 3288 merito
558 3223 652 3286 amo?
674 3222 736 3288 sed
758 3224 834 3307 quid
857 3224 927 3287 dico
949 3222 1088 3287 merito?
1115 3244 1191 3285 nam
1216 3222 1342 3286 utinam
1363 3244 1421 3307 pro

282 3327 337 3387 tuo
359 3325 473 3388 merito
494 3328 527 3388 te
550 3346 656 3388 amare
677 3328 819 3407 possem!
866 3324 978 3409 Adque
1006 3325 1040 3387 id
1062 3324 1216 3407 estquod
1243 3318 1338 3407 saepe
1367 3325 1420 3387 ab·

282 3427 366 3490 senti
389 3427 490 3511 adque
511 3428 633 3491 insonti
654 3427 733 3490 tibi6
756 3427 876 3490 irascor
898 3426 999 3509 adque
1022 3445 1201 3508 suscense0,
1231 3426 1315 3508 quod
1339 3425 1420 3488 facis

281 3551 323 3593 ne
345 3531 387 3611 te,
412 3531 448 3592 ut
464 3529 542 3612 volo,
567 3550 674 3591 amare
695 3527 830 3611 possim,
852 3527 885 3589 id
908 3530 957 3590 est
971 3549 1012 3590 ne
1026 3547 1115 3589 meus
1138 3525 1264 3589 animus
1282 3547 1421 3590 amorem

281 3633 372 3693 tuum
404 3652 503 3714 usque
537 3631 577 3692 ad
610 3651 768 3692 summum
801 3627 968 3691 columen⁷
1001 3628 1068 3691 eius
1100 3627 1248 3710 persequi
1279 3628 1418 3710 posset⁸.

281 3731 330 3795 De
349 3731 477 3796 Herode
498 3731 581 3814 quod
603 3729 691 3812 dicis,
715 3750 825 3813 perge,
850 3750 905 3793 oro
926 3733 969 3812 te,
993 3731 1030 3792 ut
1051 3726 1208 3802 Quintus⁹
1230 3731 1340 3792 noster
1363 3729 1418 3811 ait,

368 3907 379 3953 1
399 3900 501 3969 Incipit
523 3898 588 3952 Cod.
607 3897 733 3951 Vatican.
756 3916 783 3966 p.
799 3902 856 3951 18⁶2.
891 3896 933 3951 De
955 3896 1133 3965 inscriptione
1156 3897 1289 3965 epistolae
1317 3873 1430 3951 amicus·

281 4003 358 4040 meus
377 3985 446 4038 nihil
463 3984 615 4049 adnotavit,
635 3982 684 4035 sed
702 3982 828 4050 suspicor
844 3982 940 4036 tamen
962 3997 1024 4034 eam
1045 3995 1096 4034 nos
1112 3980 1186 4034 Maio
1210 3980 1311 4035 debere
1330 3983 1359 4035 et
1375 3998 1419 4035 ve·

281 4088 343 4124 rum
361 4086 432 4124 esse:
452 4074 526 4123 Have
544 4071 603 4121 mili
619 4070 746 4135 Mapisler
764 4065 913 4120 carissime.

365 4161 380 4208 2
399 4153 503 4208 Codex:
522 4164 569 4206 est.
608 4151 673 4203 Mox
690 4150 828 4219 Hauptius
848 4161 930 4204 tamen
948 4160 996 4212 est,
1014 4149 1106 4203 deleto
1124 4159 1159 4202 ut.

365 4246 381 4293 3
399 4237 507 4291 Malim:
527 4236 602 4305 apud
620 4246 644 4290 te
661 4255 715 4289 sam
733 4233 970 4289 dissimulaturus?

365 4330 381 4376 4
398 4322 500 4390 Incipit
516 4321 582 4375 Cod.
600 4319 664 4374 Vat.
682 4338 709 4389 p.
722 4325 778 4375 181.

366 4414 381 4460 ὅ
400 4406 536 4460 Scribitur
553 4405 648 4458 littera
665 4404 766 4458 initiali
782 4420 887 4473 magna
904 4405 933 4457 et
951 4419 1013 4457 oum
1030 4400 1129 4470 spatio.

365 4497 380 4545 6
399 4490 503 4545 Codex:
522 4488 749 4544 INSONTEUBI.

366 4583 380 4630 7
400 4574 504 4629 Codex:
524 4581 634 4629 colonien
652 4575 752 4628 eteius
770 4590 844 4641 supr.
863 4572 911 4625 lin.

366 4666 381 4714 8
398 4660 442 4713 Ita
460 4657 560 4725 Codex,
578 4675 634 4712 non
648 4664 740 4727 possit.

365 4744 486 4798 bMaius
511 4743 622 4797 coniicit
642 4742 766 4797 Marcum
787 4741 907 4795 Novium
931 4739 1100 4809 intelligere,
1132 4739 1270 4809 Hauptius
1292 4740 1421 4796 Ennium.

281 4828 333 4884 Hic
350 4828 497 4899 praeterea
515 4826 623 4881 scribit:
642 4838 667 4880 et
684 4838 712 4881 ue
729 4829 841 4891 Quintus.
