3300 5950
684 764 964 819 PROLEG‘OMENA.
1283 790 1398 835 xxxm

255 956 343 999 auno
368 933 465 1016 1829,
491 933 625 997 aliaest
653 934 750 1016 ratio,
779 935 956 1005 rectissime
983 938 1064 1000 vidit
1091 959 1246 1021 magnum
1274 962 1341 1003 esse
1363 941 1399 1004 in

256 1034 336 1098 Maii
352 1035 491 1099 editione
506 1034 696 1099 lacunarum
717 1057 897 1119 numerum,
923 1038 978 1101 sed
1000 1038 1079 1100 adeo
1100 1038 1213 1101 infelix
1238 1042 1399 1104 coniector

255 1139 316 1218 est,
340 1139 377 1200 ut
398 1159 439 1200 ne
461 1158 561 1199 unam
576 1136 702 1218 quidem
723 1136 801 1200 satis
823 1139 1022 1220 probabilem
1038 1140 1293 1204 emendationem
1315 1141 1398 1223 apud

255 1260 329 1301 111111
351 1238 533 1323 repererim.
580 1237 743 1300 Arnoldus
766 1235 956 1303 Sohaeferus
979 1240 1013 1302 in
1035 1245 1289 1324 programmate,
1315 1243 1399 1325 quod

255 1337 397 1401 Dresdae
412 1339 532 1421 prodiit
548 1360 633 1402 anno
649 1338 742 1420 1845,
768 1337 906 1403 Catonis>
922 1339 1029 1404 nobile
1050 1342 1271 1425 fragmentum
1293 1365 1399 1407 ernen-

254 1439 358 1522 davit,
388 1440 443 1503 sed
472 1462 513 1503 an
543 1439 652 1503 eadem
680 1461 779 1522 opera
801 1440 899 1532 etiarn
922 1440 1000 1504 alios
1022 1441 1195 1506 Frontonis
1216 1444 1302 1507 locos
1325 1445 1399 1507 atti-

254 1541 350 1623 gerit,
374 1562 440 1604 non
463 1541 612 1623 comperi.
650 1539 785 1604 Henrici
800 1541 898 1605 Alani
924 1543 1123 1607 coniecturas
1146 1547 1178 1607 et
1201 1545 1399 1608 animadver-

254 1642 361 1704 siones
385 1642 513 1705 criticas
537 1642 646 1725 accepi
653 1692 661 1724 ,
695 1664 792 1725 quum
814 1641 987 1707 Frontonis
1000 1668 1002 1673 ·
1016 1646 1123 1707 textus
1151 1646 1215 1707 iam
1238 1647 1324 1729 typis
1347 1647 1399 1709 de·

254 1742 394 1823 scriptus
410 1745 507 1805 esset:
532 1743 590 1806 has
612 1743 713 1827 igitur
727 1743 943 1806 111111111111111
966 1731 1037 1808 curn
1060 1746 1152 1809 docto
1175 1746 1293 1809 lectore
1316 1768 1399 1810 com-

255 1843 437 1905 municabo.
469 1842 503 1907 si
518 1845 573 1927 qui
594 1846 761 1927 praeterea
776 1844 855 1907 mihi
877 1845 1098 1928 innotuenmt,
1123 1849 1177 1929 qui
1200 1848 1238 1911 de
1260 1847 1398 1931 singulis

254 1941 428 2007 Frontonis
450 1943 529 2008 locis
544 1944 760 2027 disputarunt,
784 1945 898 2008 horum
913 1947 1152 2010 emendationes
1174 1969 1231 2010 suo
1252 1947 1322 2029 loco
1345 1948 1399 2010 ad·

254 2045 378 2127 scripsi.
408 2043 468 2119 Qui
485 2052 523 2109 de
532 2050 749 2111 Frontonianae
762 2054 900 2126 reliquiis
914 2048 982 2131 egit
1000 2048 1153 2110 Ambiani
1170 2049 1251 2112 1853
1266 2049 1308 2113 A.
1324 2047 1399 2112 Phi-

256 2144 472 2228 libert-Soupe‘
488 2150 636 2211 accurate
653 2146 784 2231 collegit
803 2169 884 2230 quae
899 2148 1016 2231 ubique
1038 2149 1182 2212 invenire
1204 2149 1319 2232 potuit,
1344 2150 1399 2213 sed

254 2246 338 2309 nihil
352 2246 428 2310 novi
442 2246 511 2330 ipse
527 2247 645 2311 attulit.
676 2248 819 2332 Egregia
833 2270 908 2312 vero
924 2252 973 2312 est
987 2249 1160 2332 disputatio
1176 2249 1345 2313 Niebuhrii
1363 2250 1399 2313 in

254 2347 391 2430 Scriptis
406 2346 585 2411 Minoribus
602 2348 645 2431 ΙΙ,
661 2350 713 2432 52,
738 2350 793 2432 qui
814 2352 942 2431 praeter
965 2349 1037 2432 alia,
1062 2373 1142 2433 quae
1157 2373 1223 2414 non
1240 2352 1396 2434 excitab0,

256 2450 356 2512 refert
378 2449 416 2512 de
437 2448 627 2513 Latinarum
648 2451 830 2514 litterarum
853 2451 958 2513 studio
980 2453 1123 2533 tempore
1146 2453 1396 2517 Antoninorum.

254 2550 435 2614 Praeeunte
456 2550 622 2615 Hadriano
644 2552 730 2635 ipsu,
756 2552 796 2615 ad
817 2573 912 2634 quem
935 2574 969 2614 se
991 2555 1078 2623 totus
1102 2550 1279 2634 composuit
1301 2555 1397 2636 orbis,

255 2651 394 2715 Romani
410 2651 449 2714 ad
466 2652 603 2717 Graecos
619 2654 790 2736 scriptores
813 2652 956 2715 animum
971 2651 1203 2736 applicuerunt,
1225 2657 1258 2717 et
1271 2658 1399 2737 praeter

253 2753 450 2817 Frontonem
479 2756 545 2816 tres
574 2757 701 2817 tantum
733 2754 904 2837 scriptores
933 2754 1088 2818 habemus
1118 2753 1172 2836 qui
1194 2754 1250 2817 illo
1273 2756 1398 2820 saeculo

254 2854 390 2918 Latinae
413 2854 596 2937 scriptionis
616 2853 743 2918 laudem
765 2856 864 2918 tutati
886 2858 972 2938 sunt,
997 2855 1179 2937 Apuleium,
1205 2855 1344 2919 Gellium
1367 2860 1399 2920 et

256 2955 436 3020 Minucium
457 2954 606 3019 Felicem.
651 2955 775 3020 Horum
797 2956 954 3040 Apuleius
982 2955 1138 3020 Frontoni
1166 2957 1233 3019 fere
1257 2958 1398 3040 aequalis
1460 2952 1464 2958 ⁴

253 3059 334 3140 fuit,
370 3057 469 3121 ceteri
497 3058 558 3120 duo
586 3057 682 3140 paulo
711 3058 851 3122 iuniores
880 3058 975 3121 sunt:
1013 3078 1123 3119 omnes
1145 3059 1264 3139 tamen,
1290 3079 1397 3140 quarn-

255 3181 352 3242 quam
378 3159 465 3221 inter
488 3180 521 3221 se
544 3159 765 3241 diversissimi,
799 3157 995 3243 Frontonem
1021 3157 1154 3241 ingenio
1183 3160 1215 3220 et
1237 3157 1398 3242 elegantia

257 3261 419 3342 superant.
465 3258 595 3323 Scilicet
616 3260 651 3323 in
673 3259 806 3342 imperio
829 3258 974 3322 Romano
996 3257 1107 3320 Musae
1131 3257 1271 3323 Graecae
1295 3262 1327 3322 et
1347 3282 1398 3324 ve·
1451 3300 1458 3306 ,

257 3363 340 3424 teres
361 3349 519 3424 Camenae
541 3361 579 3424 de
601 3361 785 3443 principatu
806 3360 892 3422 inter
914 3382 947 3423 se
964 3362 1138 3442 certanmt,
1162 3360 1208 3422 ita
1230 3364 1277 3444 ut,
1301 3383 1399 3443 quum

257 3457 384 3525 illarum
399 3461 504 3525 studia
518 3461 680 3544 florerent,
704 3461 765 3524 hae
780 3462 923 3524 iacerent
939 3464 971 3524 et
987 3464 1277 3524 contemnerentur.
1308 3462 1399 3525 Post-

254 3585 353 3647 quam
380 3562 493 3646 magni
522 3562 693 3645 scriptores
721 3584 820 3645 usque
849 3562 889 3624 ad
911 3560 1146 3644 Vespasianum
1174 3571 1297 3624 s'umma
1328 3584 1399 3625 cum

254 3665 468 3728 admiratione
490 3663 624 3726 Latinas
652 3663 778 3726 litteras
807 3662 1030 3745 excoluerunt,
1064 3663 1244 3745 imperante
1273 3663 1399 3725 demum

254 3766 436 3830 Theodosio
458 3764 579 3849 Magno
605 3787 641 3829 eo
663 3765 801 3828 reditum
829 3767 887 3827 est.
925 3762 1121 3827 Niebuhrius
1144 3763 1325 3828 doctissime
1348 3787 1399 3828 ex-

254 3868 373 3952 plicat,
398 3866 553 3949 quomodo
575 3866 698 3929 factum
720 3868 778 3947 sit,
808 3869 845 3927 ut
871 3886 928 3948 per
955 3865 1033 3928 illud
1055 3865 1261 3928 intervallum
1284 3865 1399 3930 Graeci

253 3969 427 4051 scriptores
454 3968 558 4051 magis
586 3966 754 4050 placerent
782 3967 814 4028 et
837 3968 958 4028 veteres
982 3987 1054 4028 suos
1076 3966 1188 4029 heroes
1211 3965 1296 4030 haud
1317 3967 1398 4031 infe-

255 4069 361 4133 liciter
382 4069 596 4132 imitarentur.
642 4067 708 4132 8111-
726 4088 841 4150 operae
869 4067 1009 4149 pretium
1032 4069 1080 4129 est
1101 4065 1272 4129 Niebuhrii
1290 4067 1400 4150 dispu-

253 4172 412 4234 tationem
438 4173 542 4233 totam
569 4168 744 4254 perlegere.
790 4167 880 4241 Quod
902 4167 1052 4231 Hertzius
1079 4167 1117 4230 de
1139 4167 1301 4231 Frontone
1324 4169 1399 4231 sori·
1509 4248 1512 4253 ¹

255 4272 321 4354 psit
342 4272 377 4335 in
398 4270 481 4334 libro
504 4271 542 4334 de
564 4270 680 4333 litteris
703 4270 787 4354 apud
809 4268 971 4332 Romanos
1001 4269 1123 4331 renatis
1153 4268 1208 4330 sed
1230 4269 1398 4352 corruptis,

256 4376 463 4438 senuissaace
484 4377 547 4436 uod
561 4377 682 4436 Bococo
704 4378 734 4434 111
758 4375 813 4433 der
835 4375 1015 4434 Romischen
1031 4375 1208 4445 litterator,
1233 4373 1299 4432 non
1322 4371 1397 4453 vidi,

255 4474 311 4537 sed
332 4474 453 4556 peritos
475 4472 595 4536 iudices
620 4472 768 4555 probasse
792 4471 897 4534 audio.
929 4471 969 4534 In
991 4469 1249 4553 Encyclopaedia
1271 4469 1400 4534 Erschii

255 4576 289 4636 et
311 4573 449 4637 Gruberi
472 4573 510 4636 de
532 4573 695 4636 Frontone
723 4572 835 4635 retulit
862 4571 1082 4653 Ecksteinius,
1107 4570 1161 4653 qui
1183 4570 1324 4633 virorum
1347 4573 1399 4634 do-

254 4677 381 4738 ctorum
408 4675 641 4758 disputationes
669 4673 887 4756 Bernhardyi,
918 4672 1065 4753 Bachrii,
1095 4670 1343 4749 Westermanni
1364 4673 1399 4734 iu

254 4775 346 4838 libris
374 4776 413 4839 de
441 4775 630 4839 Latinarum
658 4776 840 4839 litterarum
867 4773 1001 4837 historia
1031 4775 1180 4836 accurate
1211 4772 1340 4855 collegit
1368 4777 1400 4835 et

292 4909 393 4946 raour.
405 4910 440 4945 111
453 4910 554 4947 roasa.
567 4911 656 4946 11111.
1181 4895 1197 4936 0
