3300 5950
269 791 311 855 44
482 791 518 843 M.
533 789 701 845 CORNELII
718 789 925 846 Faenrouls
943 789 1198 845 EPISTULARUM

269 964 333 1025 tuis
356 962 496 1025 moribus
518 961 698 1045 indignum,
723 962 854 1046 negotio
876 961 1020 1043 inutile¹,
1051 953 1333 1025 circumstantibus
1361 983 1408 1025 re-

269 1062 504 1146 praehensibile
525 1062 671 1126 videatur
692 1084 770 1126 esse.
815 1061 916 1126 Vale²
943 1062 1022 1126 mihi
1049 1062 1169 1127 Fronto
1193 1063 1354 1128 carissime
1377 1066 1409 1128 et

269 1164 496 1227 iucundissime
518 1163 605 1227 mihi.

657 1333 718 1399 Vl.
752 1333 904 1399 Domino
925 1334 1013 1399 Meo.

353 1467 404 1531 Ita
425 1467 558 1550 faciam,
588 1468 740 1551 Domine,
769 1474 856 1551 quod
881 1475 924 1533 ud
950 1468 1030 1533 haec
1056 1470 1222 1553 nomina³,
1255 1439 1341 1554 'quod
1369 1474 1408 1535 ad

268 1570 369 1633 vitam
390 1572 427 1632 ut
448 1572 481 1632 te
503 1568 584 1632 velle
605 1568 812 1633 intellexero⁴
838 1619 844 1631 .
871 1619 877 1631 .
901 1570 1034 1652 faciam3
1056 1572 1151 1652 teque
1172 1592 1228 1635 oro
1244 1574 1277 1635 et
1291 1594 1408 1656 quaeso

154 1686 157 1697 ’
268 1692 310 1734 ne
332 1692 483 1754 umquam
510 1671 594 1753 quod
622 1692 640 1733 a
667 1691 718 1733 me
745 1670 814 1733 fieri
842 1671 978 1734 volueris
1003 1721 1009 1733 .
1036 1720 1042 1733 .
1069 1720 1076 1733 .
1107 1671 1161 1734 sed
1189 1676 1227 1735 ut
1253 1695 1340 1737 nunc
1364 1723 1371 1736 .
1398 1723 1405 1736 .

270 1771 392 1854 suades,
416 1772 463 1835 ita
487 1822 494 1835 .
520 1821 527 1833 .
552 1793 735 1854 eumquam
751 1772 901 1834 adversus
916 1772 1114 1835 voluntatem
1134 1775 1224 1835 tuam
1238 1773 1408 1857 quiequam

268 1871 432 1955 incipiam.
493 1872 605 1936 Malim
641 1873 759 1936 etiam⁵
789 1922 928 1935 .....
961 1894 1056 1936 causa
1088 1877 1179 1955 sunt,
1218 1873 1408 1958 singillatim

269 1976 353 2036 sunt.
398 1972 443 2037 Ut
471 1973 632 2039 Ciceronis
654 1974 783 2037 modum
804 1973 1013 2057 proferamus.
1069 1974 1155 2038 Nam
1185 1997 1257 2039 cum
1278 1975 1314 2038 in
1335 1978 1407 2039 tan-

267 2073 389 2137 tulum6
404 2075 455 2138 id⁷
479 2074 658 2138 consultum
674 2076 795 2158 cogunt
816 2094 909 2137 versu
930 2075 1033 2156 cupio,
1056 2076 1246 2157 praesertim
1261 2077 1322 2159 qu8
1346 2126 1353 2139 .
1373 2127 1378 2139 .
1399 2127 1405 2138 .

269 2177 325 2239 sed
346 2198 456 2260 pugna
479 2177 521 2240 mi
547 2226 553 2238 .
580 2225 586 2238 .
610 2176 671 2238 hoc
692 2175 785 2237 modo
807 2174 946 2258 transigi
973 2176 1084 2257 possit.
1130 2161 1254 2250 Quodsi
1276 2198 1408 2261 agemus

268 2278 430 2360 perpetuis
459 2277 672 2357 orationibus,
706 2276 783 2339 licet
811 2278 902 2338 extra
937 2298 1065 2339 causam
1097 2275 1180 2339 nihil
1209 2279 1406 2362 progrediar,

268 2382 376 2441 tamen
394 2379 418 2464 l⁹
435 2382 466 2441 et
488 2377 587 2441 oculis
610 2377 783 2441 acrioribus
814 2379 846 2439 et
867 2397 944 2440 voce
966 2377 1147 2440 vehementi
1170 2381 1202 2441 et
1216 2379 1321 2442 verbis
1336 2400 1407 2462 gra-

268 2480 360 2541 vibus
387 2479 541 2541 utendum
566 2529 572 2541 .
600 2528 607 2541 .
639 2481 747 2542 autem
772 2527 778 2540 .
805 2527 811 2540 .
836 2478 913 2541 hinc
941 2478 1043 2562 digito
1069 2478 1152 2541 irato
1180 2480 1263 2562 quod
1288 2529 1294 2541 .
1321 2529 1328 2541 .
1352 2479 1407 2542 ho-

268 2581 387 2644 minem
408 2582 499 2642 tuum
523 2630 529 2641 .
556 2630 562 2641 .
590 2629 596 2642 .
642 2578 703 2644 sed
731 2578 926 2642 difficilest¹⁰
954 2581 991 2641 ut
1018 2579 1104 2642 istud
1126 2578 1166 2641 ab
1189 2601 1225 2643 eo
1252 2580 1408 2663 inpetrari

269 2682 382 2764 possit:
417 2680 534 2744 dicitur
567 2680 653 2745 euim
686 2679 835 2762 cupidine
869 2679 985 2763 agendi
1013 2679 1160 2764 flagrare.
1205 2679 1275 2743 Nec
1302 2702 1407 2764 repre·

268 2780 373 2844 heudo
401 2783 510 2844 tamen
537 2802 579 2844 ne
606 2780 667 2845 hoc
694 2781 821 2865 quidem
849 2802 913 2843 se.
939 2830 946 2843 .
970 2802 1011 2844 ne
1043 2779 1104 2843 tibi
1132 2780 1203 2863 ipsa
1229 2780 1315 2844 illa.
1342 2783 1408 2846 fin

270 2903 365 2946 eausa
391 2931 397 2943 .
424 2930 430 2945 .
454 2885 493 2944 nt
514 2882 663 2946 infestius
684 2903 743 2965 pro
768 2931 774 2944 .
801 2932 808 2945 .
832 2882 988 2945 videatur.
1033 2880 1154 2945 Verum
1182 2884 1215 2945 et
1240 2882 1309 2966 ipse
1337 2904 1407 2946 sua-

269 2985 323 3047 des
345 2984 492 3067 inprimis
514 2983 588 3046 fidei
610 2984 802 3066 parendum:
826 2983 907 3047 etsi
930 2983 1025 3046 armis
1048 2982 1099 3046 vel
1117 2982 1289 3065 palestrica
1303 2983 1405 3069 ludus,

269 3107 310 3147 ne
332 3085 390 3147 has
413 3085 541 3167 quidem
567 3084 706 3148 ludicras
729 3084 975 3148 exercitationes
1002 3083 1071 3147 sine
1090 3084 1306 3166 ,contentione
1335 3105 1407 3148 con-

268 3185 320 3248 fici
346 3207 438 3267 posse
468 3235 474 3246 .
501 3235 507 3247 .
539 3188 570 3248 et
595 3236 600 3247 .
627 3236 633 3248 .
659 3188 691 3249 et
715 3236 721 3247 .
749 3235 754 3248 .
779 3185 947 3248 facundior
972 3235 977 3246 .
1005 3234 1011 3247 .
1035 3184 1163 3248 laudavi
1189 3184 1313 3248 beatius
1341 3184 1407 3266 opi-

270 3308 341 3349 cum
362 3289 462 3349 tuum.

637 3470 719 3536 Vll.
753 3471 928 3553 Magistro
950 3471 1037 3537 Meo.

353 3622 454 3698 Quom
474 3626 511 3686 tu
534 3624 669 3707 quiescis
692 3627 724 3687 et
750 3625 834 3707 quod
863 3625 1061 3688 commodum
1087 3623 1263 3688 valetudini
1291 3624 1333 3686 sit
1359 3625 1406 3688 fa·

355 3900 368 3946 1
386 3893 475 3948 Maius
493 3892 563 3962 legit
580 3899 664 3947 invite.
701 3891 826 3947 Correxit
844 3893 1012 3963 Sehopenus.

353 3985 368 4031 2
387 3978 460 4031 Tota
477 3978 546 4031 haee
564 3977 688 4031 clausula
706 3977 836 4031 scribitur
854 3994 906 4032 see.
926 3996 962 4031 m.

353 4070 368 4117 3
387 4066 429 4115 An
447 4067 568 4116 erimina?

352 4153 369 4200 4
387 4146 490 4216 Supple
508 4164 593 4198 uuum
611 4147 739 4211 verbum;
757 4146 798 4200 ita
816 4147 845 4200 et
862 4161 926 4198 mox
942 4145 1064 4200 inferius.
1092 4144 1183 4198 Possis
1195 4145 1246 4199 sie:
1264 4157 1292 4199 ut
1309 4157 1333 4199 te
1345 4151 1407 4198 velle

267 4237 427 4296 intelleaem,
451 4231 571 4285 libenter
586 4235 687 4298 facium,
716 4243 788 4299 teque
811 4250 857 4284 oro
876 4240 902 4283 et
919 4250 1013 4299 quaero
1037 4249 1068 4282 ne
1085 4249 1198 4298 umquam
1219 4250 1244 4298 q.
1262 4250 1279 4282 u
1295 4249 1325 4282 m.
1342 4234 1365 4295 f.
1383 4249 1406 4283 v.

267 4315 392 4380 reticeas,
409 4321 457 4368 sed
473 4327 500 4368 nt
518 4335 582 4368 nune
600 4315 676 4380 facis,
694 4321 819 4375 suadeas·
835 4319 873 4368 itu
891 4314 994 4368 curabo
1012 4334 1043 4368 ne
1060 4334 1173 4382 umquam
1190 4316 1242 4389 cet.

353 4406 369 4454 5
387 4399 490 4468 Supple
509 4401 578 4452 duos
596 4415 684 4468 prope
701 4415 803 4452 versus.

353 4490 367 4535 6
385 4484 514 4537 Fortasse
531 4483 560 4536 in
579 4482 679 4538 Codice
696 4484 799 4551 legitur
816 4487 973 4550 infantulum.

353 4574 367 4620 7
386 4567 452 4621 eoo.
471 4586 513 4636 pr.
532 4585 568 4620 m.
588 4575 634 4620 vel.

352 4657 368 4705 8
386 4651 437 4705 Hic
455 4654 484 4705 et
499 4652 527 4704 in
545 4652 723 4719 sequentibus
740 4669 831 4721 panca
847 4653 935 4705 verba
952 4650 1151 4705 desiderantur.

352 4741 368 4788 9
386 4735 486 4804 Incipit
504 4734 570 4789 Cod.
589 4735 652 4790 Vat.
670 4755 697 4805 p.
714 4742 770 4803 116,
789 4752 860 4804 quae
878 4735 940 4788 tota
956 4734 1039 4802 nigra
1057 4735 1107 4788 est.

336 4826 368 4873 10
386 4819 452 4875 (lod.
472 4836 525 4873 sec.
545 4838 580 4872 m.
601 4826 705 4887 difficile
723 4830 770 4872 est.
