3300 5950
285 798 328 863 50
498 796 535 851 M.
549 795 718 850 CORNELII
735 794 942 850 FRONTONIS
959 794 1216 851 EPISTULARUM

655 1034 766 1101 XIII.
797 1035 946 1101 Domino
969 1035 1056 1101 Meo.

372 1170 461 1247 Quod
487 1172 590 1255 poetis
617 1193 801 1235 concessum
829 1175 878 1235 est
906 1172 1171 1251 ὀνοματοποιεῑν,
1199 1173 1315 1236 verba¹
1343 1195 1426 1236 nova

287 1276 420 1359 fingere,
444 1295 506 1357 quo
527 1274 653 1337 facilius
675 1274 759 1357 quod
781 1274 926 1337 sentiunt
948 1273 1139 1356 exprimant,
1164 1273 1197 1336 id
1216 1273 1296 1337 mihi
1318 1297 1427 1338 neces-

288 1378 406 1441 sarium
428 1380 477 1439 est
499 1376 539 1438 ad
561 1375 713 1458 gaudium
727 1397 840 1449 ¹meum
864 1375 1121 1458 expromendum.
1159 1375 1244 1439 Nam
1271 1376 1372 1439 solitis
1395 1380 1428 1439 et

287 1479 414 1543 usitatis
442 1477 547 1541 verbis
574 1499 640 1540 non
668 1499 738 1539 sum
767 1480 952 1540 contentus:
989 1476 1036 1539 ita
1069 1474 1257 1564 almanltius
1291 1479 1425 1561 gaude0,

288 1604 382 1665 quam
404 1582 441 1643 ut
462 1601 607 1642 sermone
628 1580 757 1663 volgato
780 1578 963 1662 significare
978 1578 1134 1641 laetitiam
1157 1579 1257 1642 animi
1278 1580 1342 1642 mei
1356 1602 1422 1663 pos-

287 1684 363 1765 sim,
393 1684 441 1745 tot
463 1680 542 1743 mihi
570 1703 589 1743 a
611 1684 643 1744 te
664 1681 700 1743 in
721 1684 788 1744 tam
810 1677 934 1766 paulcis
957 1680 1078 1767 diebus]
1103 1681 1256 1763 epistulas
1278 1681 1424 1763 scriptae,

289 1805 402 1867 easque
424 1787 493 1845 tam
521 1782 702 1866 eleganter,
732 1784 799 1844 tam
828 1781 944 1863 amice,
970 1785 1037 1844 tam
1065 1782 1192 1864 blande,
1225 1786 1292 1845 tam
1315 1783 1423 1864 effuse,

287 1889 354 1949 tam
375 1884 557 1968 fraglanter
580 1883 777 1966 conpositas,
806 1905 878 1946 cum
901 1882 982 1945 clam
1003 1886 1053 1947 tot
1073 1884 1223 1968 negotiis
1253 1888 1330 1967 quot
1377 1884 1425 1946 ffi-

289 1988 356 2069 ciis,
373 1985 470 2069 quot²
492 1985 703 2049 rescribendis
723 2006 781 2068 per
800 1983 981 2067 provincias
1001 1985 1117 2048 litteris
1138 1984 1372 2069 destringerere
1386 1986 1423 2070 ³l.

288 2090 334 2152 At
356 2088 441 2151 enim
462 2108 703 2171 proposueram3
737 2084 832 2148 nihil·
853 2084 939 2148 enim
966 2073 1045 2149 mihi
1072 2109 1091 2149 a
1118 2089 1151 2149 te
1178 2087 1338 2150 occultum
1370 2091 1426 2149 aut

288 2189 522 2253 dissimulatum
543 2188 684 2251 retinere
703 2188 753 2250 fas
776 2190 840 2269 est,
868 2187 931 2269 ita',
960 2188 1102 2271 inquam,
1126 2210 1354 2271 proposueram
1374 2188 1425 2252 vel

289 2291 426 2354 desidiae
450 2291 577 2373 eulpam
599 2312 618 2351 a
640 2292 673 2351 te
688 2289 795 2351 subire
810 2289 913 2351 rarius
928 2289 1096 2352 scribendo
1110 2289 1181 2370 tibi,
1204 2291 1311 2373 potius
1331 2312 1426 2374 quam

247 2470 252 2475 Ι
288 2396 320 2455 te
346 2392 454 2455 multis
483 2391 577 2454 rebus
606 2394 796 2473 occupatum
826 2390 971 2474 epistulis
1003 2390 1082 2453 meis
1117 2412 1283 2455 onerarem
1317 2394 1349 2454 et
1385 2392 1423 2453 ad

287 2493 525 2556 rescribendum
557 2513 778 2574 provocarem,
816 2512 910 2574 quom
941 2494 978 2553 tu
1008 2492 1123 2554 cotidie
1157 2492 1242 2555 ultro
1270 2492 1425 2574 scripsisti

287 2594 376 2657 mihi.
421 2593 482 2658 sed
504 2593 598 2676 quid⁴
621 2592 690 2655 dico
714 2591 854 2656 cotidie?
885 2613 961 2675 ergo
987 2592 1052 2654 iam
1079 2592 1132 2655 hic
1159 2593 1238 2656 mihi
1266 2593 1424 2672 ὀνοματο-

287 2698 394 2761 uodo(
416 2716 495 2777 opus
519 2697 576 2757 est.
620 2693 706 2757 Nam
729 2694 844 2757 cotidie
866 2694 959 2776 foret,
984 2695 1009 2756 si
1033 2694 1177 2778 singulas
1201 2695 1352 2778 epistulas
1368 2718 1426 2779 per

287 2798 354 2859 dies
386 2796 530 2878 singulos
558 2796 753 2878 scripsisses3
791 2817 887 2879 quom
918 2817 994 2859 vero
1026 2796 1133 2878 plures
1169 2798 1324 2880 epistulae
1360 2798 1426 2860 sint

287 2919 382 2981 quam
416 2897 482 2959 dies
500 2897 535 2982 1⁵,
569 2897 701 2960 verbum
732 2897 819 2960 istud
848 2898 977 2960 cottidie
1003 2897 1109 2960 minus
1139 2898 1311 2982 significat.
1356 2898 1425 2962 Nec

287 3003 346 3082 est,
370 2999 517 3081 Domine,
547 3001 630 3082 quod
651 2999 731 3063 milri
753 3000 877 3063 tristior
898 3000 952 3082 sis,
983 3021 1038 3062 cur
1060 3001 1190 3064 omnino
1218 3002 1338 3065 veritus
1365 3003 1425 3064 sim

286 3124 327 3165 ne
349 3101 408 3164 tibi
431 3101 558 3164 litterae
581 3123 670 3187 meae
694 3101 868 3165 crebriores
890 3101 1016 3164 oneris6
1038 3105 1158 3165 essent:
1181 3125 1341 3186 namquo
1363 3104 1425 3166 mei

288 3204 447 3266 amantior
469 3225 513 3285 es,
537 3206 629 3266 tanto
650 3225 702 3266 me
723 3203 869 3266 laborum
890 3205 1017 3264 tuorum
1039 3203 1216 3285 parciorem
1239 3207 1272 3267 et
1293 3226 1425 3288 occupa-

286 3305 411 3368 tionum
437 3307 566 3366 tuarum
597 3302 839 3366 modestiorem⁷
877 3323 945 3365 esse
978 3306 1112 3385 oportet.
1158 3302 1240 3377 Quid
1271 3308 1319 3368 est
1345 3306 1425 3368 mihi

288 3405 396 3470 osculo
418 3408 473 3468 tuo
496 3403 648 3468 suavius?
669 3404 723 3467 ille
745 3403 825 3466 mihi
847 3403 952 3466 suavis
975 3404 1061 3486 odor,
1092 3404 1146 3466 ille
1167 3403 1290 3467 fruetus
1312 3406 1347 3468 in
1369 3409 1425 3467 tuo

290 3507 369 3570 collo
393 3509 487 3589 atque
509 3506 616 3569 osculo
639 3505 718 3569 situs
741 3508 798 3568 est.
844 3503 1006 3567 Adtamen
1027 3503 1171 3586 proxime
1200 3526 1271 3567 cum
1299 3506 1424 3587 profic-i-

288 3630 420 3690 scerere,
446 3629 517 3671 cum
532 3607 596 3670 iam
610 3610 703 3690 pater
723 3610 797 3670 tuus
819 3605 999 3670 vehiculum
1018 3605 1264 3687 conscendisset,
1288 3608 1320 3668 te
1343 3607 1424 3670 salu-

286 3709 426 3771 tantium
461 3711 494 3771 et
526 3708 778 3772 exosculantium
809 3709 905 3770 turba
943 3706 1061 3768 diutius
1091 3709 1287 3789 moraretur,
1326 3731 1425 3792 prope

286 3808 379 3890 fuitss,
403 3809 458 3872 ut9
480 3811 513 3871 te
535 3809 619 3872 solus
643 3830 681 3871 ex
703 3808 850 3871 omnibus
872 3829 938 3870 non
965 3806 1182 3890 conplecterer
1209 3829 1269 3871 nec
1297 3831 1425 3874 exoseu

287 3909 380 3973 larer.
424 3909 507 3972 Item
528 3910 562 3975 in
593 3909 706 3974 ceteris
735 3908 805 3972 aliis
832 3908 926 3971 rebus
954 3908 1102 3971 omnibus
1136 3931 1310 3993 numquam
1340 3912 1425 3995 equi·
1517 3964 1520 3968 ,

287 4084 483 4092 ——

374 4169 387 4216 1
407 4162 472 4218 cod.
492 4163 534 4217 bis
552 4167 637 4218 verba.

371 4254 387 4301 2
406 4245 471 4300 Cod.
490 4247 533 4301 bis
552 4253 627 4326 quod.
668 4246 757 4301 Maius
774 4246 893 4315 utroque
910 4246 972 4302 loco
990 4247 1109 4302 mavult:
1129 4259 1174 4303 tot.

334 4383 343 4398 ,
371 4339 387 4386 3
406 4329 472 4384 Cod.
490 4349 531 4400 pr.
550 4349 586 4386 m.
606 4335 773 4399 destringere.

371 4420 387 4468 4
406 4415 510 4469 Codex:
529 4422 603 4485 quod,
622 4415 720 4494 saltem
737 4432 778 4483 pr.
798 4433 834 4469 m.

372 4506 387 4552 5
405 4500 437 4552 In
455 4501 579 4554 extrema
595 4499 700 4569 paglina
718 4497 749 4574 Q.
767 4499 828 4553 VII.
864 4501 965 4569 Incipit
983 4499 1049 4554 Cod.
1067 4500 1131 4554 Vat.
1150 4519 1178 4569 p.
1192 4506 1249 4554 242.

371 4583 448 4636 6Ita
466 4582 565 4637 Codex.

371 4673 385 4720 7
405 4665 508 4721 Codex:
527 4673 711 4726 modestiorem.
746 4668 836 4722 Maius
853 4669 935 4738 legit:
954 4675 1137 4724 modestiorem.

371 4756 387 4804 8
405 4749 510 4804 Codex:
527 4757 635 4820 profuit.
671 4751 747 4806 Corr.
766 4753 864 4806 Maius

371 4833 564 4892 9001161εεί.
