3300 5950
344 793 392 846 AD
412 752 541 846 VIIRUM
558 791 678 845 IMPER.
697 791 886 845 AURELIUM
904 790 1097 845 CAESAREM
1113 791 1221 846 LIBER
1239 791 1264 845 II
1319 793 1379 858 123

238 964 332 1045 citat,
357 964 580 1047 inpudentiam
603 963 775 1047 extinguit,
799 964 953 1026 virtutem
976 961 1170 1044 cohortatur,
1195 963 1274 1026 vitia
1297 984 1380 1026 com·

235 1067 336 1147 futat,
367 1066 493 1148 suadet,
524 1064 658 1148 mulcet,
688 1065 796 1147 docet,
829 1064 1021 1127 consolatur.
1067 1064 1213 1147 Denique
1242 1086 1379 1147 provoco

237 1168 389 1232 audacter
411 1169 458 1230 et¹
485 1167 672 1230 condicione
695 1169 817 1230 vetere:
855 1165 994 1229 omittite
1024 1166 1238 1249 eloquentiam
1268 1169 1300 1229 et
1321 1166 1379 1229 im-

236 1273 362 1355 perate,
386 1271 546 1333 orationes
568 1270 601 1331 in
619 1271 731 1332 senatu
747 1268 866 1331 habere
888 1267 1027 1330 omittite
1050 1271 1082 1331 11
1096 1268 1284 1330 Armeniam
1307 1268 1379 1330 sub-

178 1434 182 1442 ,
236 1372 331 1456 igite:
355 1371 409 1434 alii
431 1392 556 1454 quoque
580 1371 675 1434 duces
697 1373 772 1433 ante
793 1390 850 1433 vos
873 1369 1061 1432 Armeniam
1083 1368 1297 1453 subegerunt:
1324 1370 1379 1432 sed

236 1496 316 1555 una,
340 1472 552 1555 mehercules,
582 1475 639 1534 tua
662 1471 815 1553 epistula,
846 1492 910 1533 una
932 1472 980 1534 tui
1002 1471 1113 1534 fratris
1136 1471 1229 1548 dete
1251 1472 1379 1554 tuisque

237 1574 409 1637 virtutibus
432 1573 534 1636 oratio
562 1573 700 1637 nobilior
729 1574 769 1637 ad
799 1572 935 1657 gloriam
959 1576 990 1635 et
1013 1573 1053 1635 ad
1074 1575 1217 1655 posteros
1242 1573 1379 1637 celebra-

235 1676 299 1739 tior
321 1676 383 1739 erit
409 1696 505 1758 quarn
527 1676 669 1759 plerique
697 1676 881 1758 principum
902 1672 1067 1756 triumphi.
1112 1673 1283 1737 Ventidius
1311 1674 1377 1756 ille,

237 1780 406 1860 postquam
428 1776 566 1844 Parthos
587 1777 672 1840 fudit
694 1777 899 1861 fugavitque,
925 1776 963 1838 ad
986 1776 1154 1838 victoriam
1176 1797 1267 1839 suam
1288 1799 1378 1860 prae-

237 1880 415 1961 dicandam,
440 1879 618 1942 crutionem
641 1902 659 1941 a
683 1878 721 1942 G.
747 1877 919 1942 Sallustio²
941 1879 1105 1940 mutuatus
1129 1880 1192 1941 est:
1217 1881 1249 1941 et
1271 1877 1379 1941 Nerva

236 1980 324 2044 facta
352 2002 409 2043 sua
442 1980 478 2044 in
507 1984 621 2043 senatu
653 1981 758 2043 verbis
786 1978 972 2063 rogaticiis³
1002 1979 1246 2042 commendavit.
1296 1978 1379 2042 Item

237 2081 379 2164 plerique
402 2085 478 2145 ante
507 2085 657 2164 parentes
680 2084 802 2146 vestros
831 2080 1060 2164 propemodum
1081 2079 1224 2165 infantes
1247 2084 1279 2144 et
1301 2081 1379 2145 elin-

238 2204 315 2267 gues
338 2183 499 2267 principes
522 2183 670 2265 fuerunt,
700 2183 754 2266 qui
777 2183 815 2245 de
838 2182 933 2245 rebus
955 2181 1090 2245 militiae
1113 2203 1187 2244 ase
1210 2183 1309 2266 gestis
1332 2184 1379 2247 ni-

237 2284 283 2347 hil
310 2285 414 2368 magis
442 2285 528 2368 loqui
555 2288 688 2367 possent
721 2307 816 2368 quarn
842 2283 954 2368 galeae
976 2283 1160 2366 loquuntur.
1206 2284 1380 2367 Postquam

237 2408 320 2469 resp.
353 2408 372 2448 a
398 2386 642 2469 magistratibus
677 2386 793 2449 annuis
824 2386 865 2448 ad
894 2384 932 2449 G.
958 2384 1149 2464 Caesareml
1178 2388 1210 2448 et
1238 2407 1311 2449 mox
1341 2387 1380 2449 ad

237 2489 421 2573 Augustum
442 2487 561 2551 tralata
584 2491 649 2570 est,
674 2487 803 2551 Caesari
827 2488 954 2570 quidem
975 2486 1165 2550 facultatem
1187 2487 1313 2551 dicendi
1334 2489 1380 2551 vi-

238 2589 607 2674 (111131111111111111114
635 2590 749 2672 fuisse3
773 2589 959 2673 Augustum
986 2610 1061 2652 vero
1096 2588 1214 2651 saeculi
1242 2590 1380 2653 residui⁵

238 2691 402 2775 eleganter
424 2694 456 2755 et
478 2691 596 2774 latine,
631 2690 762 2775 linguae
790 2690 969 2754 etiamtum'
987 2690 1116 2775 integro
1144 2691 1252 2775 lepore
1274 2691 1380 2774 potius

238 2815 333 2877 quam
367 2793 493 2856 dicendi
529 2794 676 2856 ubertate
719 2793 900 2876 praeditum
933 2796 1021 2887 puto
1084 2789 1162 2855 Post
1195 2794 1380 2876 Augustum

237 2894 386 2959 nonnihil
416 2895 622 2979 reliquiarum
652 2894 718 2956 iam
740 2896 772 2957 et
795 2895 953 2957 victarum
975 2897 1007 2957 et
1028 2893 1264 2957 tabescentium
1288 2893 1381 2977 Tibe·
1465 2929 1467 2932 ·

237 2998 284 3061 rio
311 2997 359 3061 illi
382 2997 587 3081 superfuisse.
633 2996 847 3079 Imperatores
877 2999 984 3059 autem
1012 2994 1162 3078 deinceps
1192 2996 1231 3059 ad
1259 2995 1380 3079 Vespa-

238 3101 363 3163 sianum
385 3121 484 3183 usque
501 3097 654 3161 eiusmodi
676 3119 796 3179 omnes,
821 3101 943 3161 utnon
964 3098 1071 3161 minus
1092 3096 1262 3160 verborum
1283 3097 1380 3180 pude-

239 3204 299 3283 ret,
323 3223 419 3285 quam
441 3201 567 3285 pigeret
588 3221 713 3262 morum
736 3202 769 3262 et
790 3200 956 3262 misereret
977 3199 1167 3263 facinorum.

322 3301 411 3378 Quod
433 3302 503 3386 quis
526 3301 628 3384 dicat,
653 3301 828 3365 nonenim
850 3299 1043 3364 didicerant:
1076 3301 1154 3383 qur⁶
1177 3322 1254 3384 ergo
1281 3301 1380 3383 impe-

237 3405 370 3486 rabant3
393 3403 466 3467 aut⁷
489 3403 686 3486 imperarent
701 3405 796 3486 gestu
812 3423 936 3484 censeo,
953 3404 990 3464 ut
1003 3400 1191 3483 histriones,
1216 3405 1272 3464 aut
1286 3404 1378 3483 nutu,

237 3510 273 3569 ut
295 3505 391 3588 muti,
415 3508 471 3568 aut
492 3525 550 3587 per
571 3504 792 3587 interpretem,
816 3505 853 3566 ut
876 3503 1034 3566 barbaria

235 3613 288 3620 .—

214 3681 215 3685 =
321 3659 339 3695 a
357 3645 389 3694 In
408 3645 531 3708 ruurpine,
551 3643 593 3691 ubi·
609 3643 736 3706 repetitur
754 3645 837 3697 Iocus,
858 3647 895 3690 est
915 3636 1074 3705 rogatariis.

321 3724 339 3777 b
359 3729 392 3778 In
410 3729 538 3792 marpine:
567 3722 608 3775 De
627 3722 659 3780 C.
680 3721 806 3776 Caesaris
825 3721 998 3789 eloquentia,
1021 3720 1055 3774 de
1077 3720 1198 3789 Augusti
1216 3720 1326 3774 dicendi
1343 3721 1381 3776 Ie-

237 3826 312 3878 pore,
332 3810 365 3863 de
384 3807 489 3863 Tiberii
506 3808 640 3861 nonnulla
657 3806 799 3861 litteratae
818 3805 962 3870 scientiae,
991 3805 1025 3859 de
1044 3805 1213 3873 reliquorum
1231 3805 1380 3884 imperato·

238 3913 299 3947 rum
316 3893 448 3963 inperitia
467 3894 532 3960 (sic).

322 3996 336 4031 c
355 3983 388 4030 In
405 3982 531 4046 mar-plne:
550 3975 647 4030 Sinon
659 3975 823 4042 didicerant,
843 3993 891 4030 cur
902 3975 1097 4045 imperabant?
1115 3975 1288 4044 imperarent
1299 3978 1381 4045 gestu

238 4067 268 4117 ut
285 4061 443 4126 histriones,
462 4061 531 4113 nutu
548 4060 675 4127 1111111,
694 4061 743 4115 111
759 4076 811 4129 per
828 4060 1013 4128 interpretem
1030 4061 1062 4112 ut
1078 4059 1200 4114 barbari.

323 4171 335 4216 1
356 4162 416 4217 Om.
435 4162 533 4217 Maius.
569 4163 634 4215 Mox
650 4159 788 4230 Hauptius
802 4167 948 4216 Armeniam
966 4160 1086 4229 subigite
1104 4177 1156 4229 pro
1174 4165 1286 4223 subicite,
1305 4163 1380 4230 quod

236 4250 292 4318 legi
309 4248 419 4302 videtur
436 4246 466 4300 in
484 4246 592 4301 Codice.

322 4332 490 4386 2111111111
513 4330 636 4385 Sallustii
660 4330 838 4400 deperditam
862 4329 1025 4385 orationem.
1061 4328 1186 4382 Ventidii
1208 4328 1380 4398 triumphum

237 4419 375 4471 memorat
392 4418 506 4484 praeter
524 4414 593 4470 alios
612 4417 739 4470 auctores
756 4414 809 4468 Dio
828 4421 873 4481 49,
897 4421 937 4467 21.
976 4418 1068 4467 Maius.

322 4509 338 4554 3
357 4499 457 4568 Incipit
474 4499 541 4554 Cod.
559 4500 687 4554 Ambros.
707 4518 734 4569 p.
754 4505 811 4554 412.

324 4593 340 4638 4
359 4584 428 4637 Tres
446 4583 615 4652 posteriores
627 4583 739 4637 litterae
756 4600 812 4638 non
831 4575 977 4653 apparent.
1016 4581 1162 4652 Supplevit
1177 4581 1276 4636 Maius.

323 4670 347 4722 5⁴
358 4668 462 4722 Codex:
480 4667 548 4721 RES
569 4710 680 4721 .....
700 4657 880 4730 Niebuhrius:
899 4672 1005 4721 residua
1023 4671 1158 4735 elegantia.

323 4753 399 4806 6111
418 4751 529 4827 Codex.¹

323 4844 338 4891 7
356 4835 531 4890 Heindorfius
550 4835 646 4890 scribit
663 4848 697 4889 ut.
