3300 5950
662 720 939 775 PROLEGOMENA.
1351 750 1374 794 v

194 877 205 891 „
236 917 306 959 mus
323 893 362 959 'et
384 895 615 960 sanctissimus.
660 894 719 958 Ille
740 895 809 978 ipse
831 894 951 957 Fronto
972 894 1081 975 fatuus
1102 895 1214 960 fuerit:
1237 901 1374 963 nonin·

236 997 411 1080 tercedam3
434 998 499 1080 sed,
525 1020 596 1061 cum
611 998 646 1060 in
662 996 862 1061 declamandi
884 1017 1001 1080 genere
1018 1019 1036 1058 1
1052 1000 1139 1061 recta
1161 999 1213 1062 via
1234 1000 1374 1066 immane

235 1102 391 1181 quantum
420 1100 599 1181 aberraret,
633 1099 753 1161 bonum
779 1101 888 1161 tamen
923 1098 1026 1161 virum
1058 1099 1172 1182 fuisse,
1208 1101 1262 1185 qui
1292 1102 1374 1165 nihil

237 1204 359 1265 amaret
380 1202 443 1264 nisi
465 1201 549 1284 quod
570 1200 741 1264 honestum
763 1200 941 1282 rideretur,
964 1200 1025 1264 hoo
1047 1200 1175 1284 quidem
1197 1224 1236 1265 ex
1258 1203 1373 1286 episto-

234 1302 338 1366 larum
361 1303 548 1367 commercio
571 1301 756 1385 planissime
780 1301 952 1387 colligitur.
987 1301 1020 1367 si
1041 1303 1077 1365 in
1099 1302 1235 1387 singulis
1258 1304 1373 1388 episto-

234 1404 273 1468 lis
296 1406 444 1469 accurate
466 1404 673 1489 perpenderis
696 1406 729 1467 et
752 1404 982 1489 circumspecto
997 1403 1115 1468 iudicio
1130 1405 1371 1489 examinaveris,

234 1529 301 1571 non
322 1509 451 1570 tantum
472 1506 548 1590 quid
570 1506 741 1587 scriptores
764 1499 902 1587 dicant,
920 1508 975 1569 sed
1001 1505 1102 1570 multo
1130 1506 1267 1573 maxime
1297 1509 1372 1593 quid

233 1607 373 1693 intelligi
394 1608 511 1690 velint,
540 1629 606 1672 non
629 1606 747 1670 sterilis
769 1628 867 1690 opera
889 1609 950 1671 erit
972 1608 1012 1672 ad
1035 1608 1272 1672 Antoninorum
1294 1613 1373 1674 tem-

233 1730 311 1792 pora
339 1709 517 1774 accuratius
547 1707 777 1792 cognoscenda.
822 1708 973 1774 Fontium
999 1709 1135 1792 penuria
1162 1709 1286 1774 factum
1313 1715 1371 1794 est,

233 1812 270 1874 ut
291 1809 421 1873 difficile
444 1811 486 1874 sit
507 1809 647 1874 iudicare
669 1810 708 1873 de
731 1810 902 1874 decantata
929 1810 984 1873 illa
1012 1810 1122 1894 populi
1144 1810 1282 1875 Romani
1303 1813 1373 1876 feli·
1485 1812 1487 1815 ’

234 1912 331 1976 111111
353 1912 411 1975 111
429 1912 668 1975 Antoninorum
689 1911 839 1994 imperio,
862 1912 917 1975 sed
939 1910 1111 1975 Frontonis
1135 1912 1288 1995 epistolae
1310 1914 1372 1979 rite

231 2016 389 2078 tractatae
412 2013 537 2077 1111111
557 2014 708 2096 pauciora
723 2035 818 2097 quam
835 2012 924 2095 velis,
948 2013 1003 2076 sed
1025 2012 1125 2076 multo
1146 2013 1250 2096 plura,
1275 2036 1371 2097 quam
1471 2075 1477 2086 ,

231 2115 291 2178 viri
313 2115 399 2179 docti
421 2114 524 2179 adhue
552 2115 676 2198 opinati
701 2117 787 2179 sunt.
825 2112 980 2180 Oautione
1006 2136 1086 2197 opus
1113 2117 1180 2196 est,
1203 2137 1245 2179 ne
1272 2115 1370 2180 Fron-

231 2217 316 2280 tonis
339 2216 507 2301 elegantiis
538 2219 571 2279 et
597 2216 751 2287 orationis
780 2215 891 2299 putido
918 2218 1034 2279 ornatu
1067 2216 1278 2299 decipiamur,
1314 2218 1369 2282 sed

231 2310 376 2400 superest
396 2320 505 2381 tamen
535 2318 671 2401 aliquid,
706 2318 789 2401 quod
817 2316 963 2401 equidem
992 2337 1064 2380 curn
1091 2317 1200 2381 fructu
1228 2317 1368 2401 adhibui,

230 2421 267 2483 ut
288 2418 366 2482 mihi
388 2418 515 2482 illorum
536 2422 715 2502 temporum
732 2419 908 2503 imaginem
929 2418 1152 2482 instaurarem.
1183 2418 1273 2494 Quod
1295 2420 1370 2483 Avi-

231 2521 300 2583 dius
323 2520 450 2585 Cassius
474 2520 700 2585 contumeliose
723 2510 819 2602 dixit,
850 2520 894 2592 M.
918 2520 1122 2584 Antoninum
1144 2542 1209 2585 non
1230 2520 1369 2604 impera·
1471 2563 1477 2573 ·

230 2625 331 2685 torem
364 2645 432 2687 esse
460 2622 515 2686 sed
542 2621 772 2706 Dialogistam,
807 2623 862 2706 qui
894 2645 992 2706 quum
1024 2621 1304 2706 philosopharetur
1338 2628 1370 2690 11

230 2728 396 2809 quaereret
418 2725 455 2787 de
477 2724 611 2787 honesto
634 2728 666 2788 et
692 2725 792 2807 iusto,
827 2746 893 2788 non
920 2725 999 2789 satis
1026 2724 1160 2788 haberet
1187 2724 1302 2789 virium
1329 2728 1370 2791 ad

229 2827 359 2911 Imperii
374 2848 454 2889 onus
470 2826 703 2909 sustinendum,
726 2827 760 2890 id
776 2827 889 2891 acerbe
905 2826 1026 2890 dietum
1049 2848 1117 2890 esse
1141 2827 1294 2909 conced0,
1314 2829 1369 2891 sed
1405 2911 1410 2918 .

229 2929 312 2993 idem
341 2928 540 2992 verissimum
568 2949 635 2992 esse
664 2928 832 2993 contendo.
883 2927 969 2992 Dum
998 2927 1136 2992 clemens
1166 2928 1228 2991 dici
1256 2929 1366 3012 voluit,

228 3031 304 3094 mali
337 3030 469 3094 licentia
502 3029 717 3094 abutebantur
750 3033 782 3094 et
810 3030 1029 3093 Romanorum
1060 3030 1276 3093 conditionem
1309 3031 1367 3094 sub

229 3132 348 3216 optimo
381 3131 531 3216 Principe
568 3136 678 3196 tamen
715 3132 928 3196 miserrimam
959 3131 1058 3195 fuisse
1093 3131 1248 3195 existimo
1301 3131 1367 3195 Ali-

229 3237 347 3319 quanto
369 3234 482 3297 melius
504 3256 592 3298 nuno
613 3234 787 3317 poterimus
809 3233 960 3315 iudicare,
984 3235 1054 3296 tum
1075 3233 1152 3314 quid
1174 3232 1273 3298 altero
1295 3236 1368 3317 post

229 3335 391 3401 Christum
422 3336 547 3400 saeculo
574 3335 728 3400 Romanis
757 3336 941 3399 hominibus
968 3358 1007 3397 ex
1028 3356 1104 3398 vcra
1127 3338 1159 3399 et
1181 3336 1367 3419 incorrupta

229 3438 420 3521 antiquitate
443 3441 632 3521 superesset,
657 3438 740 3521 quod
762 3459 839 3501 sane
861 3458 976 3520 parum
998 3438 1057 3518 est,
1082 3440 1150 3499 tum
1172 3436 1248 3520 quid
1271 3435 1367 3500 evilu-

227 3540 305 3603 isset
326 3541 421 3622 atque
449 3540 605 3622 efficeret,
636 3542 673 3603 ut
694 3539 868 3622 Imperium
889 3537 1071 3601 Romanum
1098 3540 1183 3601 stare
1209 3538 1281 3600 iam
1300 3559 1365 3601 non

227 3643 334 3724 posset
356 3643 389 3703 et
410 3640 499 3704 brevi
520 3643 593 3724 post
614 3662 768 3724 praeceps
790 3641 868 3722 iret,
892 3640 993 3703 donee
1015 3638 1224 3702 barbarorum
1245 3640 1366 3722 praeda

227 3742 326 3805 fieret.
377 3740 526 3806 Pluribus
557 3741 636 3806 haec
669 3742 776 3806 omnia
808 3743 994 3825 persecutus
1022 3743 1072 3804 est
1099 3739 1279 3804 Fridcricus
1301 3740 1367 3803 Ro-

226 3843 329 3925 thius,
353 3845 407 3926 qui
434 3844 478 3907 A⁰
502 3845 582 3908 1817
609 3843 842 3928 Norimbergae
869 3844 904 3906 in
930 3845 1168 3926 programmate
1190 3864 1365 3925 paucarum

227 3945 419 4030 paginarum
442 3945 480 4008 de
501 3945 672 4010 Frontonis
695 3945 914 4029 Epistolarum
943 3944 1048 4007 studio
1070 3943 1162 4007 utilia
1184 3945 1310 4007 monuit
1333 3948 1365 4007 et

226 4045 311 4110 lectu
332 4046 481 4110 iucunda.

310 4146 396 4222 Quae
418 4151 541 4212 veteres
558 4151 728 4232 scriptores
745 4150 783 4212 de
798 4149 961 4213 Frontone
976 4149 1186 4232 tradiderunt,
1211 4148 1364 4214 eiusmodi

227 4252 334 4331 erant,
363 4252 400 4312 ut
427 4272 511 4313 anno
536 4251 617 4314 1815
640 4273 762 4314 summa
784 4250 950 4314 hominum
973 4251 1209 4334 exspectatione
1231 4250 1363 4312 nuntius

226 4350 433 4434 acciperetur,
457 4351 588 4435 Maium,
613 4353 759 4435 quitum
782 4354 888 4416 custos
904 4354 974 4415 erat
988 4352 1114 4415 additus
1129 4350 1363 4415 Ambrosianae
1448 4376 1450 4378 ·

225 4451 452 4534 bibliothecae,
487 4454 659 4517 editionem
685 4471 799 4537 parare
825 4454 998 4517 Frontonis
1020 4453 1237 4537 Epistolarum
1260 4475 1360 4537 quan-

224 4553 299 4618 tivis
321 4554 431 4637 pretii,
456 4555 591 4638 quasin
614 4555 720 4620 codice
743 4556 880 4639 quodam
901 4555 1058 4638 rescripto
1080 4555 1266 4619 invenisset.
1297 4554 1361 4619 No·

224 4657 384 4720 tumeret
411 4655 455 4718 M.
480 4653 663 4721 Cornelium
690 4657 886 4722 Frontonem
914 4656 1003 4722 Cirta
1025 4657 1060 4720 in
1081 4655 1234 4721 Numidia
1255 4657 1361 4720 oriun-

224 4755 314 4840 dum,
343 4757 402 4824 sub
423 4756 506 4822 Divo
527 4757 693 4824 Hadriano
714 4759 800 4823 inter
821 4780 988 4824 causarum
1009 4761 1161 4843 patronos
1183 4758 1361 4843 principem
