3300 5950
435 746 483 804 Ao
501 748 538 803 11.
552 710 742 803 crasmaro
759 745 806 801 ur
824 742 976 802 ruvrcsu
995 743 1165 802 1101111111.
1326 743 1369 813 49

224 922 341 1000 sabula
363 922 383 985 d
406 972 413 985 .
438 972 445 984 .
471 972 477 984 .
501 921 643 1004 perfecte
665 919 850 983 absolberis
884 918 1062 982 Plurimum
1083 920 1143 982 tibi
1165 920 1200 981 in
1223 920 1368 984 oratione

228 1000 376 1088 facienda
406 1074 413 1087 .
439 1074 446 1086 .
471 1074 478 1087 .
508 1026 577 1085 tum
610 1025 695 1086 certe
724 1021 851 1105 quidem
879 1020 1009 1084 cottidie
1039 1071 1045 1084 .
1071 1072 1078 1084 .
1104 1071 1110 1084 .
1140 1042 1178 1083 ex
1211 1021 1369 1106 Iugurtha

230 1128 286 1189 aut
300 1147 337 1188 cx
355 1124 503 1189 Catilina.
527 1123 598 1187 Diis
613 1121 760 1206 propitiis
776 1144 871 1206 quom
886 1121 1021 1186 Romam
1036 1125 1215 1205 reverteris²
1241 1123 1369 1207 exigam

169 1226 172 1231 ’
229 1230 301 1290 010
324 1223 441 1313 (10111110
463 1224 586 1313 ver]sus
609 1225 748 1288 diurnos.
786 1222 959 1287 Dominam
979 1228 1115 1288 matrem
1139 1228 1230 1288 tuam
1251 1224 1366 1288 saluta.

599 1393 688 1486 ΧΗτ
718 1393 891 1475 Magistro
912 1394 1000 1459 llco.

313 1533 401 1595 Duas
424 1553 480 1614 per
502 1530 550 1594 id¹
575 1533 700 1613 tempus
723 1529 877 1613 epistulas
898 1532 971 1620 tuas
989 1530 1108 1614 accepi.
1132 1530 1252 1594 Earum
1268 1531 1369 1595 altera

229 1656 279 1697 me
302 1633 491 1716 increpabas
515 1635 547 1695 01
568 1635 687 1695 10111010
710 1631 905 1695 sententiam
932 1631 1097 1713 scripsisse
1125 1633 1296 1716 arguebas:
1326 1633 1369 1696 al-

229 1739 299 1798 tera
320 1757 395 1799 vero
417 1734 527 1797 tuere²
549 1734 690 1796 studium
711 1755 827 1796 meum.
872 1731 1015 1795 Laudet³
1036 1736 1068 1795 te
1091 1732 1218 1797 Baius⁴.
1248 1735 1370 1798 Adiuro
1457 1793 1462 1798 .

221 1840 339 1914 tamen
360 1836 420 1899 tibi
441 1858 555 1919 meam,
579 1857 668 1899 meae
690 1834 812 1916 matris,
837 1836 926 1897 tuam
941 1833 1086 1915 salutem,
1110 1836 1190 1908 mihi
1203 1836 1276 1919 plus
1291 1859 1369 1922 gau-

231 1939 275 2002 dii
296 1939 331 2002 in
354 1938 460 2001 animo
484 1941 626 2002 coortum
649 1959 716 2001 esse
737 1936 801 1999 illis
817 1936 881 1999 tuis
903 1935 1062 2018 prioribus
1076 1935 1208 2000 litteris:
1231 1960 1281 2001 me
1302 1960 1369 2002 sae-

231 2040 302 2123 pius
325 2039 519 2103 exclamasse
541 2039 627 2102 inter
648 2038 837 2123 legendum,
867 2058 959 2100 ome
980 2036 1123 2101 felicem!
1146 2037 1255 2122 Itane,
1285 2040 1370 2103 dicet

107 2132 120 2154 '
232 2141 356 2224 aliquis,
379 2140 507 2204 felicem
528 2143 571 2222 te,
596 2139 622 2202 si
645 2140 771 2223 estqui
792 2141 824 2201 tc
848 2138 960 2201 doceat
981 2140 1136 2222 quomodo
1157 2143 1287 2219 γνώμην
1310 2142 1369 2204 sol-

230 2242 352 2324 lertius,
377 2242 555 2323 dilucidius,
579 2241 717 2322 brevius,
742 2240 872 2324 politius
895 2240 1202 2305 0011100100111100
1224 2244 1370 2325 estquod

231 2366 282 2408 me
303 2330 431 2407 felicem
452 2363 613 2425 nuncupo.
647 2340 729 2416 Quid
751 2345 800 2406 est
821 2341 945 2426 igitur?
967 2342 1051 2427 quod
1072 2365 1183 2406 verum
1205 2343 1309 2407 dicere
1332 2367 1370 2407 ex

232 2448 264 2509 10
287 2445 402 2509 disco⁵.
426 2443 475 2507 Ea
496 2455 555 2507 res‘
568 2465 679 2507 verum
696 2442 721 2527 1⁶
737 2443 841 2507 dicere
867 2465 1014 2526 prorsum
1043 2443 1103 2507 diis
1126 2444 1370 2530 hominibusque

233 2547 346 2610 ardua:
373 2545 497 2609 nullum
525 2544 660 2628 denique
687 2548 756 2608 tam
781 2545 980 2629 veriloquum
1007 2545 1170 2608 oraculum
1199 2550 1257 2628 est,
1293 2548 1370 2630 quin

233 2648 353 2732 aliquid
376 2647 526 2729 ancipitis
552 2646 603 2709 vel
626 2645 746 2730 obliqui
775 2646 825 2709 vel
847 2646 983 2729 inpediti
1009 2645 1138 2728 habeat,
1171 2669 1233 2731 quo
1260 2648 1370 2731 inpru-

233 2750 359 2813 dentior
379 2749 560 2812 inretiatur.
605 2746 666 2810 1117
690 2797 697 2812 .
723 2798 730 2811 .
753 2747 846 2811 olunt
873 2747 1050 2831 captiosum
1078 2747 1200 2812 dictum
1221 2750 1371 2833 opinatus

235 2852 416 2935 captionem
436 2853 510 2934 post
530 2852 656 2932 tempus
679 2871 716 2913 ac
737 2851 837 2933 neget
860 2899 867 2912 .
892 2898 899 2913 .
923 2870 980 2912 sen
1004 2898 1011 2913 .
1036 2899 1043 2912 .
1066 2851 1122 2911 tua
1145 2900 1152 2913 .
1177 2900 1184 2914 .
1209 2854 1372 2915 stantum

235 3004 242 3019 .
262 3003 268 3018 .
286 2975 391 3018 errore
408 2954 565 3037 quantum
582 3002 589 3015 .
608 3002 615 3015 .
633 2950 716 3014 atius
738 2972 782 3015 u.
802 3001 808 3015 .
833 2949 1003 3015 confestim
1024 2949 1151 3032 ipsam.
1169 3002 1176 3016 .
1193 2975 1245 3015 am
1267 2956 1371 3017 osten-

234 3056 315 3118 dunt
337 3055 406 3118 sine
427 3054 540 3117 fraude
563 3056 595 3116 01
616 3053 756 3116 inventis
778 3052 894 3116 verbis,
938 3053 1050 3136 Itaque
1079 3053 1230 3117 haberem
1257 3058 1289 3118 01
1310 3056 1371 3119 tibi

234 3157 356 3240 gratias
385 3177 514 3240 agerem
541 3154 607 3218 sive
634 3204 641 3218 .
667 3204 674 3218 .
699 3204 706 3217 .
735 3153 829 3217 simul
856 3157 888 3218 et
915 3154 1024 3218 audire
1052 3176 1162 3218 verum
1189 3177 1240 3219 me
1267 3156 1370 3220 doces.

235 3257 360 3341 Duplex
381 3258 483 3342 igitur
506 3307 513 3321 .
538 3307 545 3320 .
569 3277 610 3320 ne
632 3255 756 3319 valeam
778 3258 827 3319 set
845 3276 880 3318 re
901 3277 997 3339 quom
1017 3255 1078 3318 tibi
1101 3306 1108 3319 .
1133 3306 1140 3319 .
1164 3277 1224 3339 exp
1249 3307 1256 3320 .
1278 3307 1285 3320 .
1308 3258 1372 3320 nisi

236 3409 243 3423 .
269 3408 276 3423 .
299 3359 354 3443 qui
376 3358 443 3422 sint
466 3409 473 3422 .
498 3409 505 3422 .
528 3361 638 3422 tamen
667 3357 746 3421 mihi
767 3358 924 3421 minorem
945 3356 1081 3440 gloriam
1102 3359 1171 3420 tum
1194 3407 1201 3420 .
1226 3407 1234 3420 .
1258 3357 1307 3421 die
1331 3407 1338 3421 .
1363 3408 1371 3422 .

234 3461 326 3525 vacui
350 3457 466 3548 [llicuit
487 3481 538 3523 me
555 3510 561 3523 .
581 3460 685 3524 ,bene
708 3462 741 3523 01
764 3509 795 3524 ..
820 3479 1038 3542 excerpere..
1061 3458 1217 3540 paulatim
1241 3482 1312 3522 ..n
1327 3460 1372 3523 mi

236 3613 269 3627 .,
293 3564 342 3626 est
363 3561 448 3624 enim
473 3610 505 3626 ..
528 3561 603 3645 qui.
620 3561 762 3624 laborem
783 3560 837 3625 hic
858 3562 927 3624 rect
950 3559 1074 3624 ..oria
1095 3581 1176 3642 per.
1193 3609 1201 3622 .
1219 3559 1372 3624 ,10101111

237 3714 270 3728 ..
294 3684 335 3727 ne
357 3665 389 3726 01
411 3663 529 3745 optime
546 3713 578 3726 ,,
601 3662 720 3746 optime
736 3664 845 3725 orator
867 3661 913 3725 sic
932 3683 964 3723 m
988 3680 1020 3725 .’.
1043 3661 1168 3727 venisse
1194 3662 1328 3745 gaudeo.
1347 3662 1372 3746 18

150 3828 161 3853 ⁸
235 3764 373 3828 Domina
394 3785 465 3828 mea
486 3767 519 3827 tc
541 3763 669 3828 salutat.

239 3904 433 3914 ——-—-

321 3957 334 4003 1
354 3947 514 4018 Schopenus
533 3950 562 4004 et
578 3947 727 4018 Hauptius:
746 3953 819 4003 idem.

319 4041 334 4088 2
353 4033 471 4090 Orellius
487 4034 606 4087 mavult:
626 4037 737 4090 tuebare.

319 4127 335 4174 3
353 4118 457 4173 Codex:
475 4123 587 4173 laudent.

319 4210 335 4257 4
351 4203 441 4257 Maius
458 4203 575 4257 mavult:
595 4206 698 4256 Bauius.
734 4201 833 4271 Virgil.
851 4201 908 4256 Ecl.
927 4202 975 4269 ΙΙΙ,
987 4207 1028 4256 90.
1065 4200 1120 4256 Sed
1136 4201 1279 4270 ingeniose
1297 4203 1373 4258 Orel-

234 4287 301 4343 lius:
318 4294 426 4342 studium
443 4307 527 4349 meum,
546 4293 620 4341 [trude
632 4307 670 4340 me
682 4291 767 4345 beans.
790 4287 928 4356 Hauptius
940 4303 1006 4341 vero
1021 4287 1058 4341 ad
1070 4286 1148 4340 Ovio.
1161 4287 1281 4342 Halieut.
1292 4306 1319 4357 p.
1327 4294 1371 4343 40:

235 4381 302 4429 tucri
317 4379 423 4429 studium
440 4392 517 4426 meram
533 4377 608 4425 luade
624 4375 754 4425 nitebaris.

321 4465 336 4512 ὅ
353 4458 448 4511 Verba
465 4462 551 4510 dicere
569 4476 604 4509 ea
623 4467 646 4510 te
665 4461 735 4509 diaco
754 4455 1371 4524 01101101010011100101110010110101110110.

321 4534 336 4594 6
355 4541 485 4609 Sequitur
503 4539 569 4595 God.
582 4541 646 4594 Vat.
664 4559 691 4609 p.
707 4545 763 4592 111.
781 4538 880 4591 itidem
896 4539 985 4606 nigra.

322 4633 336 4679 7
354 4627 386 4678 In
403 4626 582 4693 sequentibus
599 4624 706 4678 lacunis
723 4640 810 4693 usque
834 4623 870 4677 ad
888 4623 1022 4692 epistulae
1043 4624 1126 4677 finem
1147 4623 1232 4692 periit
1253 4626 1373 4694 paginae

236 4727 301 4780 pars
318 4709 408 4761 minus
425 4709 547 4763 dimidia.
584 4714 678 4763 Maius.

322 4799 337 4846 8
355 4793 455 4862 Incipit
473 4792 538 4847 Con
558 4792 647 4847 Vatia.
666 4813 694 4864 p.
709 4799 764 4848 111.

273 4913 373 4953 PRONT,
387 4913 421 4949 ΕΤ
434 4913 534 4950 AUREL.
548 4913 638 4954 amer.
1151 4878 1173 4943 4
