3300 5950
264 809 315 854 111
473 851 484 858 ,
699 786 978 842 Paniscorum.

263 959 409 1024 Pertinet
438 960 596 1043 scriptura
624 960 663 1023 ad
691 958 774 1023 sexti
801 957 919 1023 saeculi
941 959 1086 1042 initium3
1115 960 1208 1024 hodie
1237 981 1404 1056 possumus

263 1062 347 1146 apud
368 1060 621 1146 palaeographos
645 1060 808 1144 complura
830 1061 1007 1144 specimina
1032 1062 1139 1125 ridere
1161 1064 1305 1125 veterum
1328 1063 1403 1126 scri-

261 1166 438 1249 pturarum,
463 1168 597 1246 quarum
620 1164 707 1226 aetas
729 1163 850 1246 liquido
873 1165 1020 1245 constat3
1040 1164 1080 1226 ad
1095 1185 1173 1247 quas
1196 1164 1223 1226 si
1246 1164 1317 1246 quis
1340 1164 1403 1228 exi-

261 1268 319 1350 gat
348 1265 464 1329 codicis
486 1264 662 1348 imaginem
684 1286 779 1347 quam
801 1263 905 1327 Maius
927 1264 1029 1346 dedit,
1059 1263 1180 1327 videbit
1201 1287 1312 1328 rerum
1335 1288 1410 1330 esse·

161 1455 163 1458 ι
261 1367 293 1430 id
315 1367 399 1451 quod
421 1366 496 1431 dixi.
542 1364 691 1429 Proxima
714 1366 753 1428 ad
775 1366 971 1431 Frontonem
993 1366 1116 1430 accedit
1138 1366 1297 1449 scriptura
1319 1367 1402 1431 Livi-

262 1469 315 1532 ani
344 1468 460 1532 codicis
493 1467 548 1551 qui
575 1467 785 1531 Vindobonae
814 1471 872 1532 est.
928 1468 1033 1533 Orosii
1068 1468 1166 1532 codex
1197 1467 1402 1532 Florentinus
1464 1474 1470 1490 “

261 1570 357 1653 paulo
379 1570 537 1633 recentior
559 1572 617 1653 est,
642 1570 725 1654 quod
739 1570 988 1634 maiuscularum
1002 1570 1184 1635 litterarum
1199 1574 1331 1635 ornatus
1353 1572 1401 1634 in-

262 1670 365 1754 dicat,¹
398 1674 508 1755 estque
538 1675 687 1736 exaratus
714 1672 849 1755 septimo
876 1672 1013 1736 saeculo,
1064 1671 1181 1736 Itidem
1209 1672 1248 1735 ad
1277 1676 1401 1737 sextum

262 1773 423 1837 saeculum
437 1773 601 1857 pertinent
617 1773 812 1838 Graecarum
825 1773 1008 1837 litterarum
1022 1776 1154 1856 formae,
1172 1796 1249 1838 nam
1264 1776 1400 1858 septimo

261 1875 326 1938 iam
347 1874 473 1939 saeculo
499 1876 657 1959 prodeunt
680 1878 831 1939 accentus
853 1878 886 1939 ct
907 1876 1055 1960 spiritus,
1081 1875 1195 1959 quibus
1218 1878 1328 1940 noster
1350 1898 1400 1940 ca-

261 1980 321 2041 ret.
361 1975 525 2041 Vocabula
548 1977 792 2042 continuantur:
815 1977 849 2041 id
871 1999 946 2041 vero
968 1977 1131 2062 singulare
1155 1980 1219 2060 est,
1245 1978 1327 2061 quod
1350 1998 1400 2041 co-

261 2077 339 2142 dicis
362 2079 547 2142 emendator
568 2079 711 2142 membra
733 2080 887 2143 orationis
911 2078 1060 2143 distinxit
1080 2081 1200 2163 puncto
1224 2100 1330 2143 crasso
1352 2100 1398 2143 re-

261 2201 356 2244 curvo
378 2180 532 2263 superiori
559 2180 705 2244 vocabuli
733 2181 819 2264 parti
848 2181 1023 2265 adscripto,
1059 2202 1155 2264 quam
1182 2180 1398 2244 distinctionis

259 2284 370 2345 notam
393 2283 539 2365 agnoscit
560 2280 739 2345 Diomedes.
775 2282 815 2345 In
839 2282 969 2346 Graecis
992 2282 1081 2346 nulla
1104 2281 1267 2346 distinctio
1289 2282 1398 2365 depre-

259 2381 420 2447 henditur.
465 2382 562 2446 Initio
590 2385 623 2446 et
643 2384 708 2447 fine
730 2384 883 2447 librorum
906 2382 1018 2447 titulus
1041 2382 1192 2447 scribitur
1213 2382 1398 2448 maiusculis

259 2485 439 2548 uncialibus
461 2483 591 2566 litteris3
613 2506 679 2548 non
702 2484 863 2548 adduntur
884 2488 993 2548 tamen
1013 2483 1168 2548 solemnia
1189 2484 1252 2548 ista
1273 2492 1399 2563 explicit

260 2589 291 2650 et
306 2593 422 2667 incipit.
453 2585 574 2662 Quibus
588 2585 769 2650 litterarum
789 2586 901 2650 formis
923 2586 1072 2649 librarius
1094 2585 1182 2649 verbi
1206 2608 1301 2649 causa
1323 2609 1398 2650 usus

259 2688 364 2753 estin
385 2687 515 2773 Virgilii
539 2688 699 2752 celebrato
729 2687 836 2751 codice
860 2686 1053 2769 Veronensi,
1084 2710 1146 2771 quc
1170 2687 1396 2751 (1111111111-

258 2790 361 2855 tiones
385 2790 601 2873 continentur,
625 2789 686 2852 hae
709 2792 881 2873 supersunt
896 2789 931 2852 in
945 2788 1158 2853 Frontoniani
1183 2790 1299 2852 codicis
1321 2791 1398 2853 titu-

166 2927 169 2933 ·
258 2891 307 2975 lis,
332 2892 386 2955 sed
408 2891 443 2954 in
465 2893 556 2955 textu
578 2891 700 2976 species
723 2890 847 2954 diversa
870 2892 929 2953 est.
973 2889 1034 2953 Est
1054 2889 1116 2954 hoc
1137 2890 1290 2954 indicium
1313 2892 1395 2955 codi-

259 3016 330 3058 cum
351 2993 446 3077 paulo
469 2995 574 3057 minus
589 2996 801 3076 vetustorum,
825 2994 854 3057 si
868 2991 955 3057 tituli
970 2993 1093 3057 exarati
1115 2992 1397 3076 deprehenduntur

258 3095 320 3159 alio
341 3095 522 3159 litterarum
544 3116 662 3180 genere
685 3097 779 3178 atque
802 3097 908 3159 textus
930 3095 1009 3179 ipse.
1049 3094 1219 3179 Singulare
1243 3096 1396 3179 estquod

256 3197 291 3260 in
314 3197 413 3261 altero
434 3197 517 3259 libro
546 3197 586 3259 ad
607 3195 651 3258 M.
677 3195 847 3260 Caesarem
868 3197 971 3260 textui
994 3197 1227 3281 superscriptus
1250 3198 1299 3260 est
1321 3197 1396 3260 titu-

256 3298 316 3380 lus,
340 3297 469 3382 paginis
491 3297 590 3360 versis
605 3296 739 3360 EPIST.
756 3297 817 3360 AD
833 3298 890 3380 M„
914 3299 1011 3362 rectis
1026 3319 1101 3361 vero
1117 3297 1236 3364 CAES.
1253 3296 1334 3361 LIB.
1351 3297 1393 3360 ΙΙ.

257 3400 474 3483 Epistularum
504 3397 664 3462 clausulae
691 3420 787 3482 saepe
815 3398 1054 3483 angustioribus
1076 3398 1220 3461 versibus
1242 3399 1395 3461 1111111-

258 3501 344 3564 ribus
366 3500 481 3564 litteris
504 3500 643 3583 scriptae
658 3503 749 3564 sunt:
772 3500 877 3564 Maius
900 3499 1080 3582 suspicatur
1101 3497 1159 3561 has
1183 3498 1339 3561 clausulas
1361 3498 1396 3559 in

257 3587 335 3685 ipsis
364 3601 572 3686 autographis
599 3624 698 3665 manu
718 3603 849 3686 propria
878 3604 972 3684 atque
995 3600 1065 3663 ideo
1086 3599 1311 3663 minutioribus
1332 3601 1395 3662 for·
1483 3624 1485 3635 ·

256 3703 317 3766 mis
346 3704 386 3767 ab
415 3703 620 3786 epistolarum
642 3704 824 3769 auctoribus
853 3702 987 3786 adpingi
1013 3701 1112 3764 fuisse
1140 3701 1264 3764 solitas:
1302 3723 1395 3784 quem

258 3805 371 3868 deinde
393 3826 513 3868 morem
536 3826 745 3869 amanuenses
760 3804 908 3888 religiose
922 3803 1097 3867 tenuerint.
1128 3802 1276 3865 Fortasse
1291 3802 1395 3865 Maius

259 3906 424 3990 cogitabat
445 3905 569 3969 illustre
584 3905 764 3989 exemplum
779 3905 871 3969 Pauli
888 3905 1046 3989 Apostoli,
1071 3905 1125 3969 sed
1147 3904 1325 3968 notandum
1347 3908 1396 3967 est

257 4005 453 4070 Frontonem
469 4003 501 4071 et
515 4006 558 4071 M.
576 4006 754 4090 Gaesarem,
779 4007 868 4071 cuius
883 4008 929 4071 rei
945 4028 1039 4090 saepe
1060 4008 1099 4070 fit
1120 4006 1240 4070 diserta
1261 4005 1393 4087 1111111,

256 4107 441 4192 plerumque
470 4131 527 4172 sua
553 4131 651 4173 manu
679 4109 855 4193 scripsisse.
898 4107 1009 4172 Novae
1031 4109 1211 4173 sententiae
1234 4107 1397 4191 incipiunt

259 4232 277 4274 a
304 4209 413 4273 littera
440 4209 535 4294 paulo
563 4210 691 4293 maiore,
720 4233 787 4275 non
802 4210 933 4274 diversa
954 4232 973 4273 a
996 4210 1125 4291 ceteris,
1149 4222 1240 4274 extra
1261 4208 1395 4271 lineam:

258 4332 329 4374 eam
357 4311 544 4375 divisionem
577 4311 613 4376 in
641 4312 779 4376 editione
807 4311 978 4396 diligenter
1004 4311 1137 4393 retinui,
1178 4311 1205 4373 si
1233 4310 1287 4393 qui
1312 4309 1396 4372 forte

257 4411 351 4475 huius
374 4413 420 4476 rei
442 4435 518 4476 usus
541 4435 608 4477 esse
630 4413 799 4477 ridebitur.
839 4413 1044 4497 0111111111,
1068 4412 1160 4475 utin
1183 4412 1315 4494 antiquo
1339 4410 1395 4475 Oo-

258 4513 342 4597 dice,
366 4536 440 4577 rara
462 4519 546 4578 sunt.
593 4513 751 4578 Scribitur
772 4522 804 4600 q’
819 4536 878 4600 pro
899 4537 971 4597 que,
996 4513 1035 4577 B'
1058 4535 1117 4596 pro
1131 4519 1200 4589 bus,
1225 4511 1312 4575 IMP.
1336 4533 1395 4595 pro

258 4623 438 4696 imperatum
466 4618 632 4700 praeterea
659 4620 869 4699 praenomina
895 4640 961 4680 una
982 4616 1090 4679 littera
1111 4613 1310 4695 indicantur,
1340 4614 1395 4677 scd

259 4717 322 4782 alia
348 4738 434 4782 nunc
462 4739 528 4781 non
557 4719 767 4782 commemini.
818 4718 981 4782 Librarius
1014 4717 1092 4780 satis
1126 4717 1293 4779 accuratus
1320 4714 1393 4795 fuit,

259 4817 356 4884 etiam
377 4817 413 4881 in
428 4817 573 4885 Graecis:
597 4819 697 4882 multo
719 4820 877 4883 maximus
899 4839 1040 4882 errorum
1062 4838 1213 4882 numerus
1235 4815 1321 4880 Maio
1343 4815 1394 4877 dc·
