3300 5950
444 757 493 811 AD
511 755 733 812 ANTONINUM
750 756 822 811 lMP.
842 756 889 811 ΕΤ
907 756 1060 812 INVICEM
1077 754 1222 826 LIBERI
1313 787 1317 795 ¹
1348 759 1406 823 101

379 999 452 1064 III.
483 998 633 1063 Domino
655 997 731 1063 lieo
753 994 936 1064 Antonino
957 994 1120 1079 Augusto
1142 997 1290 1065 Fronto.

347 1136 424 1201 Vidi
446 1135 584 1219 pullulos
606 1137 689 1218 tuos,
713 1134 797 1218 quod
818 1134 947 1218 quidem
968 1134 1180 1198 libentissime
1201 1134 1407 1201 inritamen

263 1239 407 1322 viderim,
431 1241 498 1301 tam
520 1237 614 1303 simili
630 1237 714 1317 facie
736 1237 807 1320 tibi,
832 1239 868 1300 nt
890 1236 972 1300 nihil
994 1236 1118 1301 sithoc
1140 1236 1238 1301 simili
1257 1237 1404 1328 similius

262 1342 337 1405 Feci
359 1362 488 1425 prorsus
512 1338 724 1423 conpendium
746 1333 872 1403 itineris
894 1338 1024 1402 Lorium
1045 1361 1160 1424 usque,
1192 1341 1406 1425 conpendium

264 1445 332 1509 viae
354 1444 506 1527 lubricae,
531 1441 754 1526 compendium
777 1442 930 1505 clivorum
946 1441 1132 1507 arduorum:
1154 1445 1265 1506 tamen
1286 1442 1350 1507 vidi
1372 1446 1405 1508 te

262 1569 328 1611 non
352 1546 580 1610 exadvorsum
601 1544 694 1608 modo
717 1544 772 1608 sed
794 1543 996 1628 locupletius,
1021 1544 1087 1607 sive
1109 1567 1160 1608 me
1183 1545 1405 1610 addexteram

262 1649 328 1714 sive
357 1649 396 1712 ad
429 1648 553 1712 laevam
582 1647 818 1712 convertissem.
864 1645 965 1712 Sunt¹
995 1649 1102 1712 autem
1136 1648 1183 1711 dis
1216 1647 1403 1712 iuvantibus

262 1752 366 1815 colore
389 1751 467 1815 satis
490 1750 620 1834 salubri,
646 1750 783 1813 clamore
804 1749 892 1813 forti.
921 1748 1044 1812 Panem
1066 1748 1147 1813 alter
1168 1750 1301 1814 tenebat
1322 1750 1405 1815 bene

263 1854 443 1936 candidum,
467 1855 505 1916 ut
525 1874 605 1936 puer
626 1852 745 1936 regiuS,
775 1852 857 1915 alter
880 1855 987 1916 autern
1010 1851 1175 1935 cibarium,
1202 1852 1299 1936 plane
1327 1856 1364 1916 ut
1386 1844 1423 1916 a.

261 1959 353 2041 patre
381 1954 572 2039 philosopho
604 1956 793 2039 prognatus.
839 1953 923 2017 Deos
951 1974 1069 2037 quaeso
1102 1953 1145 2017 sit
1171 1954 1277 2018 salvus
1305 1958 1402 2040 sator,

261 2058 349 2123 salva
371 2058 438 2123 sint
460 2059 540 2139 sata,
565 2056 653 2120 salva
676 2078 768 2141 seges
796 2056 849 2140 sit,
879 2078 960 2140 quac
987 2058 1055 2120 tam
1079 2056 1197 2119 similes
1226 2061 1403 2139 prement&

260 2160 346 2225 Nam
373 2160 472 2223 etiam
506 2158 633 2223 voculas
667 2180 790 2243 quoque
821 2179 930 2222 eorum
958 2158 1065 2222 audivi
1091 2161 1159 2221 tam
1187 2157 1303 2243 dulcis,
1338 2162 1405 2224 tam

260 2247 434 2345 venustas*
446 2265 483 2325 ut
504 2261 659 2326 orationis
681 2264 755 2325 tuae
778 2261 920 2344 lepidum
942 2259 1405 2344 1111111101111111111111111011111112

260 2365 368 2430 nescio
398 2386 460 2448 quo
489 2366 584 2447 pacto
612 2364 648 2427 in
675 2363 841 2447 utriusque
870 2361 1000 2446 pipulo3
1028 2363 1289 2447 adgnosceremb.
1334 2364 1404 2427 Iam

260 2468 429 2551 inigitur,
459 2466 521 2529 nisi
550 2487 657 2548 caves,
688 2465 925 2549 superbiorem⁴
954 2464 1119 2548 aliquanto
1145 2486 1197 2529 me
1226 2466 1404 2550 experiere,

259 2569 361 2633 habeo
385 2568 470 2632 enim
492 2590 570 2653 quos
592 2589 650 2651 pro
677 2570 710 2631 10
732 2589 798 2633 non
824 2567 943 2631 eculeis
965 2568 1059 2631 modo
1082 2589 1195 2651 amem,
1224 2568 1279 2631 sed
1307 2568 1405 2632 etiam

260 2671 398 2735 auribus.

546 2806 608 2871 IV.
638 2805 810 2887 Magistro
833 2805 909 2871 lleo
933 2802 1107 2871 Salutem.

344 2942 419 3007 Vidi
441 2941 554 3007 filiolos
577 2963 674 3026 meos,
699 2922 794 3026 quom
811 2941 837 3027 15
852 2963 905 3006 001
926 2944 963 3006 tu
983 2941 1108 3026 uidisti3
1131 2942 1196 3006 vidi
1216 2944 1249 3007 et
1263 2945 1306 3027 te,
1332 2966 1404 3009 cum

258 3047 383 3111 litteras
406 3048 478 3109 tuas
500 3045 649 3130 legerem.
678 3045 742 3109 0r0
764 3047 807 3126 te,
832 3044 877 3108 mi
898 3045 1063 3129 magister,
1088 3066 1159 3108 ama
1181 3066 1232 3108 me
1246 3047 1284 3108 ut
1300 3068 1403 3131 amas3

259 3172 396 3214 arnume
420 3148 466 3212 110
489 3148 587 3211 ctiam
609 3146 764 3231 quomodo
786 3146 865 3209 11101
887 3145 1034 3230 pervoles
1053 3148 1180 3210 nostros
1196 3169 1301 3211 amas:
1323 3169 1402 3212 non-

259 3253 334 3315 dum
356 3273 449 3314 omne
473 3249 538 3312 dixi
560 3236 643 3332 quod
664 3248 751 3313 volo:
780 3271 852 3312 ama
879 3270 930 3313 me
961 3237 1117 3333 quomodo
1143 3251 1267 3314 amasti.
1313 3249 1403 3315 Haec
1433 3327 1439 3338 Ι

258 3357 295 3417 ut
317 3353 505 3436 scriberem,
539 3355 669 3436 tuarum
695 3352 876 3415 litterarum
902 3351 985 3415 mira
1011 3351 1194 3415 iucunditas
1222 3352 1401 3435 produxitss.

258 3455 343 3519 Nam
366 3456 404 3519 de
420 3453 582 3539 elegantia
597 3454 673 3538 quid
689 3452 817 3517 dicam?
839 3453 901 3516 nisi
918 3455 950 3516 10
965 3451 1066 3516 latine
1083 3452 1180 3536 loqui,
1204 3475 1263 3517 nos
1280 3456 1401 3518 eeteros

258 3579 360 3641 neque
376 3579 490 3641 graece
505 3578 608 3642 neque
623 3556 757 3620 latined.
785 3555 924 3619 Domino
939 3576 1010 3618 meo
1023 3554 1119 3618 fratri
1133 3558 1208 3638 peto
1224 3556 1401 3640 scriptites:

343 3744 360 3781 a
376 3731 410 3790 ln
428 3733 553 3796 manpine:
572 3723 670 3780 Salvus
688 3723 822 3790 11101111,
841 3724 918 3778 salva
930 3726 999 3791 sata,
1017 3722 1095 3779 salva
1112 3740 1192 3794 seges
1209 3742 1281 3793 quae
1299 3725 1401 3782 similes

293 3829 308 3865 0
326 3831 340 3865 r
390 3855 396 3866 .

257 3833 291 3883 pr
311 3830 325 3867 c
342 3819 412 3951 balo
429 3903 556 3966 marpine:
574 3896 613 3950 Ut
631 3895 764 3950 orationis
782 3896 848 3950 tuae
867 3894 976 3948 dulcem
999 3910 1096 3948 sonum
1118 3894 1147 3949 in
1163 3895 1307 3966 utriusque
1331 3897 1401 3967 pulli

177 3985 179 3989 ’
257 3983 298 4036 tui
315 3983 411 4052 pipulo
430 3998 630 4050 agnoscerem.-

343 4085 358 4120 o
379 4071 412 4120 In
429 4071 553 4134 marpine:
573 4066 646 4120 Tota
663 4066 732 4120 haec
749 4065 937 4135 panygyrious
956 4066 1021 4132 (sic).

343 4152 361 4204 d
379 4156 412 4205 In
429 4157 554 4219 marytre:
573 4150 613 4204 Te
622 4150 708 4205 latine
717 4149 802 4219 loqui,
811 4166 862 4204 nos
873 4151 981 4206 ceteros
992 4167 1082 4218 neque
1092 4167 1193 4220 graece
1204 4168 1295 4220 neque
1303 4151 1397 4206 latine.

342 4331 355 4374 1
374 4322 481 4392 Nempe
503 4321 616 4391 gemelli
636 4321 731 4375 Marco
752 4321 810 4375 iam
832 4322 960 4390 Augusto
986 4320 1046 4376 nati
1066 4320 1156 4388 filioli,
1180 4319 1348 4376 Commodus
1371 4323 1400 4376 01

256 4406 419 4473 Antoninus,
437 4422 555 4476 quorum
571 4405 617 4460 hic
635 4406 795 4475 quadrimus
814 4406 951 4460 extinctus
969 4407 1020 4461 est.
1057 4411 1152 4460 Maian.

342 4499 356 4545 2
374 4492 463 4546 Maius
481 4491 563 4546 affert
579 4490 698 4546 Dionem
716 4489 841 4545 Cassium
862 4489 892 4544 in
913 4490 994 4545 titulo
1018 4491 1053 4546 de
1072 4490 1222 4545 Sententiis
1239 4492 1316 4562 apud
1332 4492 1397 4547 Din-

257 4576 375 4629 dorfium
391 4576 425 4642 V,
442 4594 469 4644 p.
483 4582 541 4630 206.

341 4668 356 4715 3
375 4659 441 4714 Ccd.
460 4677 502 4730 pr.
521 4677 557 4714 m.
575 4667 679 4729 populo.
714 4659 754 4715 Cf.
774 4677 884 4728 quoque
901 4678 959 4716 var.
977 4661 1040 4714 leet.
1059 4659 1088 4714 in
1105 4660 1239 4730 margine.

340 4751 357 4798 4
376 4743 442 4798 cod.
461 4762 503 4813 pr.
522 4763 558 4798 m.
577 4751 759 4814 superationem.

340 4827 558 4900 ancipitem.
577 4829 641 4885 Vas.
659 4849 686 4902 p.
700 4835 741 4884 89.
