3300 5950
677 709 954 763 PROLEGOMENA.
1107 721 1118 733 ⁸
1341 728 1390 775 vn

253 907 381 948 summa
404 884 572 968 diligentia
600 882 758 966 quaesivit
784 874 996 964 Niebuhrius,
1030 904 1092 965 qua
1125 869 1265 945 ratione·
1282 883 1404 958 omnia,

251 985 364 1049 melius
386 986 604 1069 procederent.
637 984 696 1059 Qui
720 1007 816 1068 quum
839 983 1118 1067 reprehensionem
1140 1006 1206 1047 non
1229 984 1388 1069 effugerit,

252 1089 342 1171 quasi
364 1089 399 1149 in
422 1089 556 1151 obscura
578 1109 612 1151 re
634 1086 759 1171 ingenii
778 1086 900 1149 viribus
923 1085 1040 1148 abusus
1063 1088 1155 1168 esset,
1182 1088 1387 1167 §collaturam

251 1191 316 1274 ἐμῷ
340 1190 500 1274 ὁμωνύμῳ
524 1192 603 1256 κατὰ
626 1191 662 1253 τὸ
685 1190 824 1253 δυνατὸν
849 1190 890 1269 et,
915 1210 948 1249 re
972 1188 1119 1250 accurate
1142 1188 1318 1271 explorata,
1344 1188 1388 1250 af-

250 1291 352 1373 firm0,
376 1302 504 1374 prorsus
526 1290 746 1355 incredibilem
775 1293 807 1353 et
828 1311 931 1372 paene
961 1289 1102 1352 divinam
1130 1289 1229 1353 fuisse
1256 1290 1291 1352 in
1313 1288 1388 1352 Nie-

166 1396 170 1403 “
250 1392 364 1455 buhrio
386 1394 503 1456 mentis
526 1393 644 1475 aciem,
675 1392 729 1475 qui
762 1391 935 1456 divinando
963 1393 998 1455 in
1025 1392 1193 1477 permultis
1226 1394 1388 1455 assecutus

250 1497 308 1577 sit,
344 1517 406 1578 quo
435 1495 554 1577 Maius,
585 1516 777 1577 quamquam
805 1494 910 1577 ipsum
939 1494 1079 1557 codicem
1113 1494 1226 1558 ducem
1253 1493 1386 1574 habena,

250 1619 316 1659 non
338 1597 479 1679 potuerit
499 1599 609 1660 tamen
630 1596 806 1679 pervenire.
852 1594 886 1659 si
913 1596 987 1678 quis.
1010 1596 1097 1659 verbi
1129 1618 1224 1659 causa
1247 1594 1387 1658 contule-

249 1698 292 1761 rit
313 1699 485 1762 Frontonis
507 1700 700 1781 postremum
729 1719 807 1779 opus
819 1748 827 1780 ,
862 1703 1020 1776 Principia
1048 1703 1203 1761 Historiae
1231 1698 1316 1778 dico,
1352 1697 1387 1759 in

250 1798 450 1863 Berolinensi
473 1800 611 1863 editione
635 1822 706 1863 cum
730 1821 802 1862 vero
830 1800 1063 1862 sententiarum
1091 1799 1202 1862 ordine
1231 1802 1263 1861 et
1290 1820 1384 1879 nexu,

250 1901 461 1964 admirabitur
494 1902 597 1965 virum
619 1901 760 1984 'prorsus
798 1900 1098 1983 incomparabilem,
1138 1901 1192 1983 qui
1232 1899 1386 1963 acerrimo

250 2025 345 2066 sensu
367 2003 434 2067 eius
457 2003 540 2086 quod
563 2003 653 2067 decet
681 2025 718 2065 ex
747 2002 943 2066 tenuissimis
971 2001 1098 2065 indiciis
1121 2004 1275 2083 tanquam
1298 2003 1387 2063 vates

248 2105 417 2187 praedixit,
441 2127 521 2189 quae
544 2127 630 2168 nunc
654 2104 938 2168 confirmabuntur.

331 2205 455 2270 Deinde
477 2207 582 2270 Maius
604 2205 787 2269 Mediolano
809 2205 945 2270 Romam
968 2206 1129 2289 migravit,
1154 2207 1190 2267 ut
1213 2205 1388 2268 custodiret

247 2307 440 2371 Vaticanam
462 2308 699 2372 bibliothecam.
736 2308 787 2371 lbi
811 2330 882 2370 cum
905 2310 1045 2371 vetustos
1069 2307 1192 2371 codices
1214 2306 1386 2390 rescriptos

247 2412 417 2492 tractaret,
446 2410 559 2495 fugere
588 2433 660 2474 eum
681 2433 747 2473 non
769 2410 890 2492 potuit,
921 2408 984 2472 alia
1006 2408 1178 2472 Frontonis
1200 2409 1385 2493 fragmenta

247 2509 346 2574 latere
368 2512 403 2574 in
427 2512 543 2596 codice,
567 2512 622 2596 qui
645 2512 721 2575 olim
742 2534 816 2595 pars
839 2511 938 2574 fuerit
960 2511 1166 2574 Ambrosiani
1189 2510 1315 2591 codicia,
1339 2510 1386 2573 ita

247 2615 283 2676 ut
312 2616 445 2698 utraque
467 2615 650 2698 fragmenta
679 2636 717 2677 ex
745 2635 809 2677 uno
837 2613 1008 2696 eodemque
1031 2612 1137 2675 codice
1165 2611 1385 2675 Frontoniano

247 2715 390 2778 desumta
412 2716 478 2779 sint
500 2720 532 2779 et
553 2716 673 2779 Romae
696 2716 828 2779 inventa
851 2715 980 2799 egregie
1003 2713 1183 2798 suppleant,
1207 2735 1287 2797 qnae
1309 2713 1385 2776 olim

246 2817 423 2899 prodierint
451 2817 634 2881 Mediolani.
679 2817 753 2882 Non
781 2819 908 2901 poterat
929 2816 1034 2880 Maius
1057 2815 1307 2879 Ambrosianum
1335 2837 1384 2878 co·

246 2918 347 2982 dicem
368 2919 485 2983 iterum
502 2920 656 3002 conferre,
681 2920 764 3004 quod
778 2921 852 3002 post
866 2917 1035 2982 Niebuhrii
1050 2918 1269 2981 recensionem
1283 2916 1383 2980 liben-

244 3023 304 3102 ter,
328 3024 364 3083 ut
386 3022 509 3105 opinor,
532 3022 678 3105 fecisset,
702 3022 757 3085 sed
771 3024 881 3084 tamen
897 3044 935 3084 ex
951 3020 1280 3084 animadversionibus
1302 3021 1405 3096 uiro--

244 3143 315 3184 rum
337 3123 502 3186 doctorum
525 3123 724 3208 aliquantum
746 3112 893 3207 profecit.
933 3123 1046 3206 ltaque
1068 3122 1104 3185 in
1128 3121 1297 3185 Vaticanis
1318 3122 1382 3184 fra-

244 3225 383 3307 gmentis
399 3223 519 3289 Rornae
535 3225 665 3290 edendis
681 3227 725 3290 Α0
744 3225 825 3290 1823
842 3225 971 3289 editoris
993 3247 1125 3288 munere
1147 3224 1248 3288 multo
1270 3222 1382 3287 melius

243 3325 374 3389 functus
402 3330 467 3409 est,
501 3330 537 3390 ut
564 3328 695 3392 minime
724 3328 855 3391 dubium
891 3328 949 3410 sit,
985 3350 1057 3391 eum
1085 3327 1257 3390 Mediolani
1285 3326 1320 3389 in
1348 3347 1382 3388 re

243 3449 372 3510 prorsus
395 3430 505 3492 eadem
527 3430 611 3493 idem
633 3429 774 3512 potuisse
796 3431 970 3513 praestare,
996 3429 1022 3492 si
1038 3429 1148 3492 eadem
1169 3429 1294 3512 fuisset,
1319 3451 1382 3512 qua

243 3533 369 3613 postea,
400 3531 516 3614 peritia
546 3534 578 3594 et
606 3531 783 3614 diligentia.
828 3531 940 3615 Itaque
969 3530 1066 3594 editio
1093 3530 1240 3594 Romana
1267 3530 1380 3595 tolera-

242 3631 315 3695 bilis
337 3632 474 3697 fortasse
497 3633 600 3696 estin
622 3632 814 3716 fragmentis
837 3632 1020 3714 Vaticanis,
1051 3632 1105 3696 sed
1132 3632 1167 3696 in
1188 3633 1380 3717 fragmentis

243 3733 476 3817 Ambrosianis,
500 3755 581 3817 quae
604 3734 714 3797 eadem
736 3733 976 3818 opportunitate
998 3734 1115 3797 iterum
1138 3734 1251 3816 edidit,
1276 3757 1380 3817 pauca

243 3835 397 3917 quaedam
420 3836 589 3898 emendata
611 3835 739 3919 quidem
761 3839 847 3916 sunt,
870 3857 1004 3919 quorum
1026 3836 1127 3898 maior
1149 3856 1223 3918 pars
1246 3836 1379 3899 debetur

243 3935 343 3999 doctis
357 3922 361 3929 ¹
375 3936 631 4000 Berolinensium
664 3937 953 4019 observationibus,
993 3937 1047 4000 sed
1079 3937 1217 4020 plurima
1247 3960 1379 4021 prorsus

243 4038 377 4102 absurde
400 4039 485 4101 edita
507 4041 583 4101 sunt
610 4040 642 4101 et
664 4039 704 4102 ad
726 4038 812 4102 hunc
840 4039 923 4102 diem
950 4039 1112 4123 leguntur.
1156 4038 1227 4102 Hoc
1255 4061 1378 4123 quoque

240 4139 276 4202 in
297 4139 383 4202 Maio
407 4139 599 4223 culpandum
622 4143 680 4222 est,
705 4162 777 4203 eum
799 4162 952 4224 persaepe
968 4163 1034 4204 non
1048 4141 1209 4204 monuisse
1231 4141 1376 4223 lectores,

241 4240 316 4322 quid
338 4241 471 4304 aliorum
494 4242 685 4307 coniecturis
708 4243 837 4307 deberet
859 4245 891 4305 et
913 4243 988 4326 quid
1009 4243 1045 4305 in
1066 4242 1171 4305 codice
1194 4242 1333 4326 legisset.

324 4341 442 4416 Quodsi
465 4344 535 4427 quis
558 4347 705 4428 quaerat,
740 4344 895 4428 quomodo
918 4344 986 4407 fieri
1008 4344 1149 4427 potuerit
1155 4393 1163 4425 ,
1198 4347 1235 4406 ut
1255 4343 1377 4408 Romae

240 4441 318 4507 Maii
340 4465 435 4526 opera
457 4448 550 4509 tanto
573 4449 656 4510 esset
682 4447 876 4510 fructuosior
903 4469 998 4529 quam
1020 4445 1209 4528 Mediolani,
1238 4446 1377 4529 primum

240 4545 471 4610 observandum
500 4551 549 4611 est
576 4548 611 4611 in
639 4547 779 4611 vetustis·
802 4548 963 4612 codicibus
985 4547 1130 4631 legendis
1154 4569 1256 4611 annos
1279 4549 1308 4612 ei
1330 4551 1375 4611 at-

239 4646 350 4710 tulisse
378 4649 536 4731 pen'tiam.
582 4649 664 4712 Turn
690 4649 726 4712 in
748 4649 908 4714 Vaticano
932 4649 1038 4713 codiee
1061 4650 1194 4733 antiqua
1217 4649 1375 4732 scriptura

239 4750 325 4814 recte
347 4752 460 4814 renata
482 4753 545 4834 est,
570 4773 642 4815 cum
664 4751 768 4815 Maius
796 4752 836 4816 ad
858 4751 1107 4816 Ambrosianum
1127 4750 1246 4815 librum
1267 4751 1374 4836 legen-
