3300 5950
270 813 293 856 x
507 810 510 816 ·
696 786 975 843 Paonasonam.
1103 866 1107 872 ἱ

269 966 340 1046 ptos
374 962 551 1046 glossisque
585 959 749 1024 Saxonicis
782 959 975 1042 illustratos3
1011 958 1068 1023 hos
1096 982 1153 1042 pro
1177 960 1270 1023 *varia
1299 981 1407 1022 eorum

270 1064 463 1147 antiquitate
485 1062 535 1126 vel
558 1085 576 1123 a
598 1061 637 1124 D.
662 1047 858 1126 Columbaria
881 1084 919 1124 ex
941 1061 1114 1144 Hibernia,
1140 1062 1188 1125 vel
1212 1085 1230 1123 a
1253 1061 1407 1125 Cumiano

270 1188 308 1229 ex
331 1165 438 1229 Scotia
461 1164 594 1247 aliisque
617 1163 767 1247 Anglicis
789 1163 955 1227 monachis
984 1163 1096 1226 allatus
1124 1167 1263 1226 autumo
1309 1162 1407 1225 Galli-

271 1289 384 1331 canam
406 1266 565 1349 originem
586 1268 770 1329 monstrant
792 1264 857 1328 alii.
873 1303 915 1313 -
938 1265 1072 1329 Accedit
1094 1266 1233 1329 maxima
1248 1265 1406 1328 Romano-

269 1390 339 1431 rum
361 1368 514 1431 librorum
538 1369 628 1450 copia
651 1391 669 1429 a
691 1367 888 1432 Oolrunbano
911 1363 944 1430 et
965 1366 1110 1431 Bertullb
1132 1368 1167 1430 in
1189 1366 1334 1430 Romano
1356 1368 1407 1430 iti-

268 1492 345 1534 nere
369 1469 512 1552 collecta,
536 1468 586 1533 vel
608 1469 716 1532 oblata
739 1493 757 1531 a
778 1470 948 1552 fratribus3
971 1470 1006 1533 in
1027 1469 1077 1531 his
1101 1468 1262 1533 Ciceronis
1284 1468 1406 1533 Oratio-

268 1594 346 1634 num
370 1571 491 1635 codices
515 1571 575 1634 duo
592 1571 822 1653 Ambrosianus
846 1574 878 1635 et
897 1571 1122 1651 Taurinensis,
1146 1570 1220 1634 libri
1243 1570 1281 1632 de
1301 1569 1405 1653 Repu-

269 1672 363 1754 blica,
389 1675 483 1756 atque
506 1671 679 1755 Epistolae,
703 1673 875 1736 Frontonis
898 1695 1004 1756 opera,
1029 1672 1211 1755 Symmachi
1234 1672 1404 1754 orationes,

270 1773 375 1839 Codex
397 1773 645 1855 Theodosianus,
670 1774 860 1858 Anonymus
883 1775 921 1839 de
938 1774 1161 1856 Arithmetiea,
1186 1774 1302 1857 aliique
1324 1774 1406 1836 bene

268 1876 397 1940 multi.“
446 1876 636 1940 Rectissime
663 1875 827 1959 Peyronus
860 1877 941 1940 vidit
967 1877 1138 1940 Frontonis
1169 1876 1308 1940 codicem
1340 1897 1406 1938 non

269 1975 360 2040 Bobii
395 1978 429 2040 in
463 1978 613 2042 coenobio
647 1981 812 2041 exaratum
843 1979 958 2061 fuisse,
993 1979 1049 2041 sed
1081 1978 1115 2041 in
1143 1977 1238 2041 Italia
1273 1976 1405 2059 alicubi3

268 2081 379 2161 postea
400 2080 565 2162 monaehi,
589 2081 761 2163 ingruente
783 2080 947 2162 barbarie,
972 2082 1005 2143 et
1025 2079 1112 2143 hune
1135 2083 1167 2142 et
1190 2078 1267 2141 alios
1289 2077 1406 2141 multos

268 2181 510 2264 rescripsenmt.
556 2180 615 2255 Qui
643 2204 746 2265 nuper
773 2182 811 2245 de
834 2181 1038 2245 Monasteriis
1066 2179 1350 2248 Benedictinorum
1371 2180 1406 2242 in

268 2282 363 2345 ltalia
391 2284 473 2367 egit,
508 2283 693 2366 Alphonsus
724 2284 875 2366 Dantier‚
911 2283 974 2347 alia
1006 2282 1108 2346 multa
1136 2282 1298 2366 congessit
1325 2303 1405 2363 quae

268 2407 339 2447 eum
361 2384 469 2447 fructu
493 2384 637 2447 conferet
658 2386 711 2468 qui
735 2386 828 2467 plura
851 2386 966 2468 cupiet.
1012 2385 1056 2447 Et
1078 2384 1242 2466 Peyronus
1265 2386 1297 2445 et
1319 2382 1405 2445 Dan-

268 2485 378 2549 tierius
401 2485 516 2550 docent
544 2488 686 2549 veterum
709 2487 900 2569 scriptorum
924 2487 1046 2550 codices
1068 2507 1134 2548 non
1156 2483 1249 2547 Bobii
1271 2484 1406 2567 scriptos

268 2609 346 2670 esse,
370 2588 425 2651 sed
441 2586 569 2651 aliunde
583 2587 795 2652 bibliothecae
810 2588 926 2651 illatos.
958 2587 1029 2669 Sed,
1046 2586 1242 2650 redeundum
1257 2588 1342 2650 enim
1358 2591 1407 2650 est

269 2689 308 2751 ad
323 2688 494 2753 Frontonis
511 2690 664 2772 codicem,
689 2693 725 2754 ut
746 2690 874 2774 integer
893 2690 1014 2773 primus
1037 2689 1203 2773 quaternio
1226 2689 1282 2771 sit,
1307 2712 1406 2752 unum

267 2790 384 2859 folium,
402 2791 467 2854 sive
490 2791 570 2855 duae
591 2793 732 2875 paginae
754 2792 834 2855 mihi
849 2791 956 2855 deesse
971 2791 1129 2872 videntur,
1152 2791 1247 2853 titulo
1269 2791 1406 2855 fortasse

268 2893 456 2955 destinatae.
509 2892 626 2957 Statim
657 2894 773 2978 incipit
806 2893 838 2958 S.
868 2892 1041 2957 Caelestini
1068 2892 1175 2977 Papae
1198 2892 1333 2976 epistola
1366 2893 1406 2956 ad

266 2992 466 3077 Nestorium,
496 3017 576 3079 quae
600 3018 671 3060 cum
693 2997 805 3080 synodi
828 2996 1010 3080 Ephesinae
1034 2996 1113 3059 actis
1137 2995 1289 3078 coniungi
1312 2994 1403 3058 solet.

267 3096 392 3179 Pagina
418 3097 456 3159 12
482 3097 643 3180 incipiunt
669 3098 742 3161 illae
771 3098 924 3181 epistolae
932 3103 952 3180 ,'
969 3119 1050 3179 quae
1079 3096 1205 3180 Synodo
1234 3095 1405 3160 Chalcedo-

267 3198 360 3260 nensi
388 3197 473 3261 viam
499 3199 665 3262 muniunt:
698 3201 797 3264 donec
825 3223 856 3283 p.
881 3201 922 3263 79
952 3202 1001 3262 est
1029 3198 1186 3262 adlocutio
1215 3197 1334 3280 Synodi
1365 3199 1405 3261 ad

266 3299 461 3381 principem:
497 3302 567 3362 tum
596 3324 627 3384 p.
652 3301 692 3365 94
720 3302 859 3366 edictum
893 3301 1024 3384 explicit
1055 3300 1211 3384 principis
1248 3300 1404 3381 synodum

268 3400 496 3465 confirmantis.
527 3400 653 3484 Pagina
669 3402 795 3466 demum
810 3402 852 3466 95
867 3402 1028 3465 exorditur
1049 3401 1152 3484 prima
1168 3400 1285 3482 Synodi
1309 3402 1403 3482 aeti0,

268 3501 355 3564 eidus
384 3502 507 3586 amplus
534 3505 691 3567 tractatus
718 3506 822 3566 totum
850 3504 1000 3585 deinceps
1024 3502 1164 3565 codicem
1185 3503 1321 3583 occupat
1354 3524 1403 3564 us-

267 3624 327 3686 que
350 3603 390 3666 ad
412 3626 485 3689 pag.
509 3605 582 3686 286,
606 3626 686 3686 quae
709 3604 879 3668 voluminis
903 3607 1044 3668 extrema
1066 3606 1124 3666 est.
1170 3602 1330 3666 Videntur
1352 3603 1403 3665 de-

267 3726 334 3767 esse
361 3704 395 3768 in
423 3706 487 3768 fine
516 3708 666 3788 quattuor
699 3707 839 3790 paginae
867 3708 933 3768 sive
964 3705 1043 3768 folia
1076 3705 1146 3767 due.
1192 3703 1296 3767 Huius
1330 3705 1404 3767 libri

268 3805 402 3869 alterum
424 3806 586 3889 volumen,
612 3829 683 3870 cum
703 3808 778 3871 libri
800 3807 974 3871 Bobienses
997 3805 1266 3886 distraherentur,
1294 3827 1404 3888 perue-

267 3907 317 3969 nit
338 3907 373 3970 in
396 3908 642 3971 Ambrosianam
664 3909 900 3973 bibliothecam.
932 3908 1041 3971 Habet
1061 3908 1198 3991 paginas
1218 3907 1281 3971 452
1302 3907 1404 3990 iisque

268 4008 474 4072 continentur
497 4010 624 4073 concilii
647 4011 789 4074 actiones
813 4034 831 4074 a
854 4011 958 4093 prima
981 4008 1135 4092 acephala
1156 4031 1255 4092 usque
1272 4009 1311 4071 ad
1327 4009 1404 4073 XlV

267 4131 332 4172 nou
356 4110 523 4193 expletam.
569 4110 615 4175 Ut
636 4113 784 4176 materies
808 4111 992 4194 cohaereat,
1022 4111 1185 4175 sciendum
1213 4113 1262 4172 est
1284 4110 1405 4194 aliquot

267 4211 403 4294 paginas
425 4213 518 4276 initio
541 4213 663 4295 deesse3
685 4217 763 4296 puto
785 4214 884 4276 fuisse
906 4212 1080 4275 duodecim.
1110 4211 1269 4275 Volumen
1287 4213 1405 4275 desinit

267 4311 302 4375 in
324 4313 427 4376 medio
450 4314 617 4397 vocabu103
639 4316 748 4398 itaque
763 4315 867 4378 Maius
882 4314 957 4377 inde
971 4312 1130 4377 revulsam
1152 4315 1246 4394 putat
1268 4313 1404 4376 actionis

267 4413 345 4477 XIV
367 4419 492 4497 partem
514 4416 683 4499 reliquam,
718 4438 799 4499 quae
827 4415 962 4478 materia
988 4415 1055 4477 fere
1078 4414 1156 4477 satis
1179 4418 1228 4477 est
1250 4416 1306 4478 uni
1328 4438 1403 4499 qua-

267 4512 417 4579 temloni.
461 4517 531 4581 Iam
554 4518 635 4581 duae
656 4521 836 4601 postremae
864 4517 991 4580 concilii
1019 4517 1160 4578 actiones
1187 4515 1249 4579 XV
1272 4519 1304 4579 et
1326 4515 1403 4579 XVI

269 4640 340 4680 cum
368 4618 488 4703 aliquot
520 4620 664 4703 parergis
676 4670 684 4702 ,
720 4639 799 4703 quae
828 4619 863 4681 in
896 4618 1055 4701 plerisque
1084 4617 1243 4680 codicibus
1277 4617 1403 4680 subtexi

268 4718 371 4782 solent
393 4721 522 4803 synodo,
546 4723 674 4784 tantum
695 4721 762 4783 fere
786 4741 898 4801 corpus
922 4719 1077 4800 efficiunt,
1102 4722 1138 4781 ut
1153 4741 1191 4782 ex
1213 4742 1250 4783 eo
1271 4720 1403 4782 tertium

269 4821 434 4904 quoddam,
459 4822 518 4886 etsi
541 4821 682 4902 brevius,
706 4821 855 4884 volumen
878 4820 1007 4885 confieri
1029 4819 1140 4903 possit.
1185 4820 1324 4896 Quodsi
1347 4819 1403 4883 ali-
