3300 5950
461 756 510 812 AD
528 757 564 811 M.
579 755 770 811 CAESAREM
787 756 834 810 ET
853 754 1004 810 INVlCEM
1020 755 1128 809 LIBER
1144 755 1192 809 ΠΙ.
1356 756 1398 821 55

259 928 335 1011 pisti
363 929 469 1012 legere
492 931 622 992 ornatas
647 931 679 991 et
700 927 918 1011 pompaticas¹
942 927 1117 990 orationes:
1146 927 1213 989 noli
1235 925 1397 1009 postulare

260 1031 370 1093 statim
392 1053 444 1093 eas
467 1030 587 1093 imitari
609 1052 712 1113 posse.
744 1028 875 1111 Verum,
900 1032 935 1091 ut
957 1028 1031 1111 dixi,
1055 1027 1287 1111 incumbamus,
1312 1028 1397 1091 eoni-

259 1135 382 1195 tamur:
415 1153 465 1194 me
493 1133 582 1214 vade,
613 1154 664 1195 me
690 1132 817 1215 praede,
851 1153 902 1194 me
930 1151 1092 1213 sponsore,
1128 1130 1273 1193 celeriter
1305 1132 1337 1192 te
1361 1129 1397 1191 in

261 1234 424 1296 cacumine
448 1232 647 1317 eloquentiae
670 1234 790 1297 sistam.
814 1233 869 1296 Dii
891 1232 1021 1314 facient,
1046 1231 1096 1294 dei
1116 1231 1280 1294 favebunt.
1304 1229 1394 1312 Vale,

259 1334 406 1416 Domine,
440 1336 490 1399 καὶ
517 1335 624 1402 ἔλπιζε
651 1337 701 1399 καὶ
723 1336 848 1414 εὐθύμει
876 1335 926 1399 καὶ
946 1333 1058 1417 χρόνῳ
1086 1335 1135 1397 καὶ
1162 1332 1305 1415 ἐμπειρίᾳ
1331 1331 1396 1396 πεί-

259 1442 326 1500 θου.
369 1434 506 1521 Matrem
528 1436 700 1501 Dominam
722 1437 837 1500 saluta.
875 1434 978 1512 Quom
998 1434 1169 1499 Persarum
1193 1432 1396 1519 disciplinam

258 1558 460 1621 memorares,
484 1538 565 1603 bene
588 1538 720 1602 battunt
741 1537 817 1602 ais2.
942 1533 947 1541 ’

395 1706 515 1772 XVII.
547 1706 647 1774 Have
669 1707 718 1772 lli
740 1706 876 1772 Fronto
898 1707 1030 1788 Merito
1053 1706 1254 1772 durissime.
1306 1734 1308 1737 ·

342 1842 501 1927 Intellego
528 1844 623 1906 islam
649 1846 739 1924 tuam
767 1843 1006 1927 argutissimum
1033 1841 1201 1924 strofam3,
1238 1864 1333 1925 quam
1360 1844 1396 1904 lu

259 1943 386 2026 quidem
408 1943 638 2029 benignissime
661 1944 848 2028 repperisti3
876 1947 913 2007 ut
940 1945 1015 2028 quia
1037 1943 1197 2006 laudando
1225 1964 1276 2005 me
1302 1942 1397 2005 fidem

258 2049 389 2129 propter
411 2047 577 2130 egregium
599 2068 677 2131 erga
701 2068 752 2110 me
774 2068 914 2110 amorem
935 2049 1027 2109 tuum
1047 2066 1114 2108 non
1135 2044 1286 2125 habebas,
1314 2042 1395 2106 vitu-

258 2148 399 2229 perando
427 2147 512 2210 laudi
536 2148 630 2211 fidem
653 2162 841 2231 quaereres³
858 2148 893 2232 λλ
939 2147 1000 2212 sed
1022 2168 1041 2210 o
1063 2169 1114 2211 me
1136 2147 1275 2228 beatum,
1300 2145 1395 2228 quia

259 2246 368 2311 Marco
392 2247 538 2313 Cornelio
560 2271 640 2332 meo,
665 2253 789 2313 oratore
811 2251 961 2332 maximo,
983 2249 1113 2312 homine
1128 2249 1258 2331 optimo,
1283 2250 1316 2311 et
1329 2247 1395 2310 lau·

255 2349 328 2439 ‘dari
351 2353 383 2413 et
404 2350 615 2434 repraehendi
637 2351 753 2434 dignus
777 2373 845 2415 esse
867 2351 989 2416 videor!
1014 2350 1096 2425 Quid
1112 2372 1171 2435 ego
1194 2351 1232 2413 de
1259 2350 1322 2413 tuis
1344 2349 1395 2412 lit-

259 2451 336 2513 teris
360 2451 462 2515 dicam
484 2452 734 2537 benignissimis,
765 2452 949 2536 verissimis,
974 2450 1197 2516 amicissimis?
1223 2450 1395 2514 verissimis

259 2554 368 2615 tamen
383 2575 483 2636 usque
499 2553 539 2616 ad
552 2555 691 2637 primam
702 2557 829 2637 partem
843 2554 944 2617 libelli
962 2554 1024 2637 tui3
1042 2576 1119 2618 nam
1136 2556 1250 2634 cetera,
1275 2552 1330 2615 ubi
1344 2573 1395 2614 me

260 2654 461 2738 comprobas,
499 2657 535 2718 ut
563 2657 608 2719 ait
640 2656 852 2739 nescioquis
879 2677 1030 2740 graecus,
1058 2657 1136 2738 puto
1163 2652 1362 2737 Thucydides
1372 2654 1394 2736 ⁵,

258 2758 435 2837 τυφλοῦται
457 2758 518 2837 γὰρ
545 2758 583 2821 τὸ
611 2759 729 2839 φιλοῦν
759 2759 830 2837 περὶ
857 2760 895 2822 τὸ
918 2758 1126 2838 φιλούμενον.
1162 2756 1245 2819 Item
1267 2758 1303 2818 tu
1325 2776 1395 2837 par-

258 2857 317 2920 tim
339 2879 481 2921 meorum
502 2880 601 2942 prope
624 2880 717 2923 caeco
741 2880 846 2923 amore
867 2860 1118 2943 interpraetatus
1141 2879 1183 2921 es.
1228 2856 1290 2921 Sed
1311 2856 1395 2919 tanti

259 2961 317 3043 est,
341 2981 478 3023 menon
501 2963 587 3024 recte
610 2961 758 3045 scribere,
782 2964 815 3025 et
836 2965 869 3026 te
891 2961 979 3025 nullo
1001 2982 1072 3024 meo
1088 2959 1218 3042 merito,
1247 2958 1302 3023 sed
1329 2957 1395 3022 solo

258 3063 313 3125 tuo
337 3084 414 3146 erga
435 3084 486 3126 rue
509 3084 615 3127 amore
637 3064 782 3146 laudare,
809 3063 848 3127 de
870 3085 932 3146 quo
954 3065 990 3125 λιι
1011 3061 1149 3145 plurima
1171 3064 1203 3123 et
1225 3060 1395 3143 elegantis-

259 3163 338 3226 sima
361 3165 401 3226 ad
421 3185 472 3226 me
487 3164 630 3246 proxime
653 3165 818 3248 scripsisti.
863 3164 945 3248 Ego,
974 3165 1059 3226 situ
1080 3162 1228 3245 volueriS,
1257 3183 1310 3225 ero
1340 3161 1394 3223 ali-

259 3264 343 3346 quid.
389 3263 537 3329 Oeterum
566 3267 693 3330 litterae
719 3270 793 3330 tuae
820 3267 853 3329 id
879 3249 1067 3348 effecerunt,
1097 3268 1149 3347 ut,
1179 3287 1275 3348 quam
1301 3263 1394 3327 vehe-

258 3368 382 3430 menter
403 3388 453 3430 me
476 3389 609 3451 amares,
634 3367 816 3432 sentireml.
863 3365 924 3431 Sed
951 3368 1034 3450 quod
1064 3367 1103 3430 ad
1131 3367 1264 3445 ἀθυμίαν
1289 3387 1395 3428 meam

259 3468 375 3531 attinet
381 3518 390 3550 ,
413 3469 515 3532 nihilo
537 3469 643 3533 minus
666 3469 769 3533 adhuc
792 3470 917 3532 animus
938 3468 1046 3532 ιιιιιιιε7
1073 3472 1169 3552 pavet
1197 3470 1229 3531 et
1255 3466 1394 3530 tristicu-

257 3567 306 3632 lus
329 3571 394 3652 est,
428 3592 468 3636 ne
498 3571 573 3654 quid
600 3571 693 3635 hodie
721 3571 756 3635 in
779 3574 893 3634 senatu
916 3570 1065 3653 dixerim,
1095 3572 1226 3654 propter
1253 3568 1336 3651 quod
1362 3569 1394 3630 te

342 3789 359 3826 a
381 3777 414 3826 In
440 3779 563 3841 margine:
599 3774 750 3829 Laudando
777 3791 821 3829 me
844 3774 927 3829 fidem
950 3774 1015 3844 [uon
1032 3772 1181 3843 habelbas,
1209 3769 1393 3840 vituperando

257 3857 340 3911 fidem
360 3899 469 3913 ......
490 3857 557 3912 sisti.

342 4051 355 4098 1
373 4046 448 4114 Lege
466 4045 656 4099 testimonium
672 4039 818 4100 Claudiani
832 4045 963 4099 Mamerti
982 4046 1010 4114 [t.
1024 4045 1062 4099 Vl
1079 4063 1106 4114 p.
1120 4049 1169 4100 535
1188 4045 1230 4098 ed.
1241 4042 1338 4111 Paris]
1359 4043 1393 4096 de

254 4131 413 4199 pompatico
433 4146 535 4198 genere
552 4131 746 4190 frontonianae
765 4129 949 4198 eloquentiae.
987 4134 1081 4187 Μαίνε.

339 4221 354 4267 2
374 4213 444 4278 Quid
462 4215 506 4268 est
523 4214 592 4268 hoc?
626 4216 669 4268 An
688 4204 765 4278 hene,v
776 4228 803 4269 ut
820 4222 898 4279 αἰιιιιί,
917 4220 1028 4268 hartuic?

340 4305 354 4352 3
373 4297 544 4352 Vocabulum
563 4298 714 4368 repetitum
730 4301 759 4353 in
776 4300 903 4368 margine
922 4307 953 4352 ut
969 4297 1102 4352 notabile.

339 4389 355 4434 4
372 4383 473 4452 Incipit
491 4382 556 4437 Cod.
575 4382 639 4437 Vat.
658 4402 685 4452 p.
701 4390 757 4437 154.

339 4472 354 4519 5
372 4466 459 4520 Immo
483 4484 548 4521 vero
570 4467 650 4521 Plato
672 4468 759 4536 Legg.
776 4468 809 4533 V,
822 4473 870 4522 731
889 4467 919 4521 E.
964 4467 1053 4521 Maius
1076 4466 1173 4520 laudat
1194 4466 1394 4533 Hieronymum

255 4567 352 4604 comm.
379 4551 408 4604 in
431 4551 476 4605 Os.
500 4551 607 4619 prolog.
630 4552 677 4605 lib.
692 4552 743 4618 Ill,
771 4551 818 4620 qui
844 4552 918 4605 idem
941 4551 1045 4604 dictum
1068 4551 1262 4620 Theophrasto
1284 4550 1393 4606 tribuit.

253 4635 350 4688 Plures
367 4635 502 4689 iudicabit
518 4634 612 4688 Astius
631 4635 667 4689 ad
684 4635 829 4690 laudatum
846 4635 971 4689 Platonis
988 4635 1087 4688 locum.

340 4725 354 4771 6
374 4719 438 4773 Cod.
458 4738 499 4788 pr.
519 4737 554 4772 m.
574 4726 690 4789 sentires.

340 4809 353 4856 7
372 4803 442 4858 Add.
463 4820 515 4856 sec.
535 4821 571 4856 m.
