<?xml version="1.0" encoding="UTF-8"?>
<!DOCTYPE html PUBLIC "-//W3C//DTD XHTML 1.0 Transitional//EN"
    "http://www.w3.org/TR/xhtml1/DTD/xhtml1-transitional.dtd">
<html xmlns="http://www.w3.org/1999/xhtml" xml:lang="en" lang="en">
 <head>
  <title>
</title>
<meta http-equiv="Content-Type" content="text/html;charset=utf-8" />
  <meta name='ocr-system' content='tesseract 3.04.00' />
  <meta name='ocr-capabilities' content='ocr_page ocr_carea ocr_par ocr_line ocrx_word'/>
</head>
<body>
  <div class='ocr_page' id='page_1' title='image "./mcorneliifronto01frongoog_0299.png"; bbox 0 0 3300 5950; ppageno 0'>
   <div class='ocr_carea' id='block_1_1' title="bbox 600 801 1364 870">
    <p class='ocr_par' dir='ltr' id='par_1_1' title="bbox 600 801 1364 870">
     <span class='ocr_line' id='line_1_1' title="bbox 600 801 1364 870; baseline 0.021 -16"><span class='ocrx_word' id='word_1_1' title='bbox 600 801 798 855; x_wconf 78' lang='lat' dir='ltr'><strong>EPISTULAE</strong></span> <span class='ocrx_word' id='word_1_2' title='bbox 818 802 993 857; x_wconf 79' lang='lat' dir='ltr'>GRAECAE.</span> <span class='ocrx_word' id='word_1_3' title='bbox 1179 841 1182 852; x_wconf 61' lang='grc' dir='ltr'>ι</span> <span class='ocrx_word' id='word_1_4' title='bbox 1300 805 1364 870; x_wconf 78' lang='grc'>259</span> 
     </span>
    </p>
   </div>
   <div class='ocr_carea' id='block_1_2' title="bbox 224 972 1407 2170">
    <p class='ocr_par' dir='ltr' id='par_1_2' title="bbox 224 972 1407 2170">
     <span class='ocr_line' id='line_1_2' title="bbox 226 972 1362 1053; baseline -0.002 -14"><span class='ocrx_word' id='word_1_5' title='bbox 226 976 274 1039; x_wconf 90' lang='grc' dir='ltr'>καὶ</span> <span class='ocrx_word' id='word_1_6' title='bbox 297 975 463 1053; x_wconf 82' lang='grc' dir='ltr'>ὑπέρτερα.</span> <span class='ocrx_word' id='word_1_7' title='bbox 493 972 566 1038; x_wconf 67' lang='grc' dir='ltr'>ιἘνι</span> <span class='ocrx_word' id='word_1_8' title='bbox 589 972 617 1037; x_wconf 94' lang='grc' dir='ltr'>τί</span> <span class='ocrx_word' id='word_1_9' title='bbox 637 994 685 1037; x_wconf 92' lang='grc' dir='ltr'>ςοι</span> <span class='ocrx_word' id='word_1_10' title='bbox 708 974 821 1053; x_wconf 88' lang='grc' dir='ltr'>φρόιςω</span> <span class='ocrx_word' id='word_1_11' title='bbox 844 976 927 1052; x_wconf 89' lang='grc' dir='ltr'>πρὸς</span> <span class='ocrx_word' id='word_1_12' title='bbox 947 974 1084 1048; x_wconf 86' lang='grc' dir='ltr'>τούτοις,</span> <span class='ocrx_word' id='word_1_13' title='bbox 1108 975 1126 1037; x_wconf 89' lang='grc' dir='ltr'><strong><em>ὃ</em></strong></span> <span class='ocrx_word' id='word_1_14' title='bbox 1149 976 1200 1037; x_wconf 87' lang='grc' dir='ltr'>καί</span> <span class='ocrx_word' id='word_1_15' title='bbox 1222 975 1259 1038; x_wconf 88' lang='grc' dir='ltr'>ςὺ</span> <span class='ocrx_word' id='word_1_16' title='bbox 1280 976 1362 1053; x_wconf 84' lang='grc' dir='ltr'>πρὸς</span> 
     </span>
     <span class='ocr_line' id='line_1_3' title="bbox 224 1074 1362 1151; baseline -0.001 -10"><span class='ocrx_word' id='word_1_17' title='bbox 224 1078 301 1141; x_wconf 88' lang='grc' dir='ltr'>τοὺς</span> <span class='ocrx_word' id='word_1_18' title='bbox 327 1076 447 1139; x_wconf 83' lang='grc' dir='ltr'>ἄλλους</span> <span class='ocrx_word' id='word_1_19' title='bbox 475 1075 579 1151; x_wconf 85' lang='grc' dir='ltr'>λέγων</span> <span class='ocrx_word' id='word_1_20' title='bbox 602 1077 732 1151; x_wconf 85' lang='grc' dir='ltr'>παῖδας,</span> <span class='ocrx_word' id='word_1_21' title='bbox 767 1077 901 1140; x_wconf 88' lang='grc' dir='ltr'>πιθανὸς</span> <span class='ocrx_word' id='word_1_22' title='bbox 930 1074 1011 1141; x_wconf 86' lang='grc' dir='ltr'>εἶναι</span> <span class='ocrx_word' id='word_1_23' title='bbox 1039 1074 1168 1142; x_wconf 57' lang='grc' dir='ltr'>δόξειςέ.</span> <span class='ocrx_word' id='word_1_24' title='bbox 1212 1076 1300 1140; x_wconf 85' lang='grc' dir='ltr'>Εἰκὸς</span> <span class='ocrx_word' id='word_1_25' title='bbox 1327 1077 1362 1140; x_wconf 87' lang='grc' dir='ltr'>δέ</span> 
     </span>
     <span class='ocr_line' id='line_1_4' title="bbox 226 1176 1407 1258; baseline -0.001 -17"><span class='ocrx_word' id='word_1_26' title='bbox 226 1199 258 1243; x_wconf 90' lang='grc' dir='ltr'>ςε</span> <span class='ocrx_word' id='word_1_27' title='bbox 286 1180 306 1257; x_wconf 90' lang='grc' dir='ltr'>ἢ</span> <span class='ocrx_word' id='word_1_28' title='bbox 329 1178 416 1255; x_wconf 88' lang='grc' dir='ltr'>παρὰ</span> <span class='ocrx_word' id='word_1_29' title='bbox 442 1178 560 1255; x_wconf 85' lang='grc' dir='ltr'>μητρός</span> <span class='ocrx_word' id='word_1_30' title='bbox 587 1178 606 1254; x_wconf 87' lang='grc' dir='ltr'>ἢ</span> <span class='ocrx_word' id='word_1_31' title='bbox 629 1182 695 1241; x_wconf 87' lang='grc' dir='ltr'>τῶν</span> <span class='ocrx_word' id='word_1_32' title='bbox 724 1176 1000 1256; x_wconf 86' lang='grc' dir='ltr'>ἀναθρεψαμένων</span> <span class='ocrx_word' id='word_1_33' title='bbox 1028 1179 1068 1255; x_wconf 89' lang='grc' dir='ltr'>μὴ</span> <span class='ocrx_word' id='word_1_34' title='bbox 1101 1176 1242 1256; x_wconf 86' lang='grc' dir='ltr'>ἀνήκοον</span> <span class='ocrx_word' id='word_1_35' title='bbox 1268 1176 1361 1258; x_wconf 80' lang='grc' dir='ltr'>εῖναι,</span> <span class='ocrx_word' id='word_1_36' title='bbox 1402 1185 1407 1196; x_wconf 85' lang='grc'><strong>’</strong></span> 
     </span>
     <span class='ocr_line' id='line_1_5' title="bbox 226 1278 1362 1361; baseline 0.001 -18"><span class='ocrx_word' id='word_1_37' title='bbox 226 1279 275 1343; x_wconf 89' lang='grc' dir='ltr'>ὅτι</span> <span class='ocrx_word' id='word_1_38' title='bbox 297 1283 364 1344; x_wconf 90' lang='grc' dir='ltr'>τῶν</span> <span class='ocrx_word' id='word_1_39' title='bbox 388 1278 497 1344; x_wconf 85' lang='grc' dir='ltr'>ἀνθῶν</span> <span class='ocrx_word' id='word_1_40' title='bbox 521 1278 603 1342; x_wconf 92' lang='grc' dir='ltr'>ἐςτίν</span> <span class='ocrx_word' id='word_1_41' title='bbox 624 1298 654 1341; x_wconf 99' lang='grc' dir='ltr'>τι</span> <span class='ocrx_word' id='word_1_42' title='bbox 669 1278 688 1342; x_wconf 90' lang='grc' dir='ltr'><strong><em>ὃ</em></strong></span> <span class='ocrx_word' id='word_1_43' title='bbox 704 1280 743 1357; x_wconf 88' lang='grc' dir='ltr'>δὴ</span> <span class='ocrx_word' id='word_1_44' title='bbox 762 1281 820 1342; x_wconf 83' lang='grc' dir='ltr'>τοῦ</span> <span class='ocrx_word' id='word_1_45' title='bbox 842 1278 935 1355; x_wconf 83' lang='grc' dir='ltr'>ἡλίου</span> <span class='ocrx_word' id='word_1_46' title='bbox 957 1278 1015 1361; x_wconf 84' lang='grc' dir='ltr'>ἐρᾷ</span> <span class='ocrx_word' id='word_1_47' title='bbox 1036 1279 1087 1341; x_wconf 82' lang='grc' dir='ltr'>καὶ</span> <span class='ocrx_word' id='word_1_48' title='bbox 1109 1278 1220 1356; x_wconf 89' lang='grc' dir='ltr'>πάςχει</span> <span class='ocrx_word' id='word_1_49' title='bbox 1242 1279 1281 1342; x_wconf 86' lang='grc' dir='ltr'>τὰ</span> <span class='ocrx_word' id='word_1_50' title='bbox 1295 1284 1362 1350; x_wconf 84' lang='grc' dir='ltr'>τῶν</span> 
     </span>
     <span class='ocr_line' id='line_1_6' title="bbox 225 1379 1363 1461; baseline -0.001 -17"><span class='ocrx_word' id='word_1_51' title='bbox 225 1381 396 1461; x_wconf 86' lang='grc' dir='ltr'>ἐρώντων,</span> <span class='ocrx_word' id='word_1_52' title='bbox 432 1379 667 1444; x_wconf 88' lang='grc' dir='ltr'>ἀνατέλλοντος</span> <span class='ocrx_word' id='word_1_53' title='bbox 701 1379 914 1459; x_wconf 82' lang='grc' dir='ltr'>ἐπαιρόμενον</span> <span class='ocrx_word' id='word_1_54' title='bbox 942 1380 992 1444; x_wconf 87' lang='grc' dir='ltr'>καί</span> <span class='ocrx_word' id='word_1_55' title='bbox 1020 1380 1242 1458; x_wconf 86' lang='grc' dir='ltr'>πορευομένου</span> <span class='ocrx_word' id='word_1_56' title='bbox 1271 1400 1363 1443; x_wconf 84' lang='grc' dir='ltr'>κατα-</span> 
     </span>
     <span class='ocr_line' id='line_1_7' title="bbox 226 1480 1364 1563; baseline -0.002 -16"><span class='ocrx_word' id='word_1_57' title='bbox 226 1481 474 1563; x_wconf 64' lang='grc' dir='ltr'>ςτρεφόμενονί,</span> <span class='ocrx_word' id='word_1_58' title='bbox 511 1481 669 1547; x_wconf 87' lang='grc' dir='ltr'>δύνοντος</span> <span class='ocrx_word' id='word_1_59' title='bbox 702 1482 738 1543; x_wconf 86' lang='grc' dir='ltr'>δέ</span> <span class='ocrx_word' id='word_1_60' title='bbox 767 1480 1057 1560; x_wconf 85' lang='grc' dir='ltr'>περιτρεπόμενον·</span> <span class='ocrx_word' id='word_1_61' title='bbox 1093 1480 1169 1544; x_wconf 79' lang='grc' dir='ltr'>ἀλλ’</span> <span class='ocrx_word' id='word_1_62' title='bbox 1197 1480 1294 1545; x_wconf 85' lang='grc' dir='ltr'>οὐδέν</span> <span class='ocrx_word' id='word_1_63' title='bbox 1326 1502 1364 1556; x_wconf 80' lang='grc' dir='ltr'>γε</span> 
     </span>
     <span class='ocr_line' id='line_1_8' title="bbox 225 1580 1365 1664; baseline -0.002 -16"><span class='ocrx_word' id='word_1_64' title='bbox 225 1584 346 1648; x_wconf 71' lang='grc' dir='ltr'>πλέον4</span> <span class='ocrx_word' id='word_1_65' title='bbox 369 1583 533 1664; x_wconf 88' lang='grc' dir='ltr'>ἀπόλλυςι,</span> <span class='ocrx_word' id='word_1_66' title='bbox 558 1582 652 1646; x_wconf 68' lang='grc' dir='ltr'>οὐδὲὗ</span> <span class='ocrx_word' id='word_1_67' title='bbox 675 1580 900 1661; x_wconf 87' lang='grc' dir='ltr'>εὐμενεςτέρου</span> <span class='ocrx_word' id='word_1_68' title='bbox 923 1584 1066 1660; x_wconf 85' lang='grc' dir='ltr'>πειρᾶται</span> <span class='ocrx_word' id='word_1_69' title='bbox 1087 1584 1138 1645; x_wconf 86' lang='grc' dir='ltr'>διὰ</span> <span class='ocrx_word' id='word_1_70' title='bbox 1160 1582 1217 1646; x_wconf 88' lang='grc' dir='ltr'>τὸν</span> <span class='ocrx_word' id='word_1_71' title='bbox 1241 1583 1365 1661; x_wconf 65' lang='grc' dir='ltr'>ἐρωταί</span> 
     </span>
     <span class='ocr_line' id='line_1_9' title="bbox 224 1681 1364 1764; baseline -0.002 -15"><span class='ocrx_word' id='word_1_72' title='bbox 224 1690 283 1749; x_wconf 88' lang='grc' dir='ltr'>τοῦ</span> <span class='ocrx_word' id='word_1_73' title='bbox 305 1685 405 1763; x_wconf 83' lang='grc' dir='ltr'>ἡλίου.</span> <span class='ocrx_word' id='word_1_74' title='bbox 450 1684 653 1763; x_wconf 86' lang='grc' dir='ltr'>Ἀτιμότατον</span> <span class='ocrx_word' id='word_1_75' title='bbox 680 1687 761 1759; x_wconf 85' lang='grc' dir='ltr'>γοῦν</span> <span class='ocrx_word' id='word_1_76' title='bbox 791 1684 873 1748; x_wconf 88' lang='grc' dir='ltr'>ἐςτίν</span> <span class='ocrx_word' id='word_1_77' title='bbox 902 1681 1035 1764; x_wconf 81' lang='grc' dir='ltr'>ιρυτιίιν7</span> <span class='ocrx_word' id='word_1_78' title='bbox 1058 1684 1109 1747; x_wconf 87' lang='grc' dir='ltr'>καὶ</span> <span class='ocrx_word' id='word_1_79' title='bbox 1135 1681 1267 1749; x_wconf 81' lang='grc' dir='ltr'>ἀνθῶν8</span> <span class='ocrx_word' id='word_1_80' title='bbox 1290 1684 1364 1748; x_wconf 89' lang='grc' dir='ltr'>οὔτε</span> 
     </span>
     <span class='ocr_line' id='line_1_10' title="bbox 225 1772 1364 1867; baseline -0.002 -16"><span class='ocrx_word' id='word_1_81' title='bbox 225 1788 269 1851; x_wconf 90' lang='grc' dir='ltr'>εἰς</span> <span class='ocrx_word' id='word_1_82' title='bbox 291 1786 512 1867; x_wconf 84' lang='grc' dir='ltr'>ἑορταζόντων</span> <span class='ocrx_word' id='word_1_83' title='bbox 534 1785 644 1850; x_wconf 85' lang='grc' dir='ltr'>θαλίας</span> <span class='ocrx_word' id='word_1_84' title='bbox 667 1785 739 1849; x_wconf 80' lang='grc' dir='ltr'>οὔτ’</span> <span class='ocrx_word' id='word_1_85' title='bbox 754 1784 807 1849; x_wconf 79' lang='grc' dir='ltr'>ἐς9</span> <span class='ocrx_word' id='word_1_86' title='bbox 832 1784 1011 1864; x_wconf 89' lang='grc' dir='ltr'>ςτεφάνους</span> <span class='ocrx_word' id='word_1_87' title='bbox 1033 1788 1117 1848; x_wconf 84' lang='grc' dir='ltr'>θεῶν</span> <span class='ocrx_word' id='word_1_88' title='bbox 1139 1786 1158 1862; x_wconf 86' lang='grc' dir='ltr'>ἢ</span> <span class='ocrx_word' id='word_1_89' title='bbox 1182 1772 1364 1864; x_wconf 84' lang='grc' dir='ltr'>ἀνθρώπων</span> 
     </span>
     <span class='ocr_line' id='line_1_11' title="bbox 226 1884 1364 1968; baseline -0.002 -17"><span class='ocrx_word' id='word_1_90' title='bbox 226 1888 567 1968; x_wconf 89' lang='grc' dir='ltr'>παραλαμβανόμενον.</span> <span class='ocrx_word' id='word_1_91' title='bbox 597 1886 732 1968; x_wconf 80' lang='grc' dir='ltr'>Ἔοικας,</span> <span class='ocrx_word' id='word_1_92' title='bbox 757 1887 873 1963; x_wconf 85' lang='grc' dir='ltr'>ὼπαῑ,</span> <span class='ocrx_word' id='word_1_93' title='bbox 896 1887 934 1950; x_wconf 88' lang='grc' dir='ltr'>τὸ</span> <span class='ocrx_word' id='word_1_94' title='bbox 957 1884 1056 1949; x_wconf 88' lang='grc' dir='ltr'>ἄνθος</span> <span class='ocrx_word' id='word_1_95' title='bbox 1077 1889 1176 1948; x_wconf 83' lang='grc' dir='ltr'>τοῦτο</span> <span class='ocrx_word' id='word_1_96' title='bbox 1198 1886 1275 1951; x_wconf 82' lang='grc' dir='ltr'>ἰδεῖν</span> <span class='ocrx_word' id='word_1_97' title='bbox 1298 1887 1364 1950; x_wconf 90' lang='grc' dir='ltr'>ἐθέ-</span> 
     </span>
     <span class='ocr_line' id='line_1_12' title="bbox 226 1986 1366 2067; baseline -0.004 -14"><span class='ocrx_word' id='word_1_98' title='bbox 226 1994 302 2067; x_wconf 86' lang='grc' dir='ltr'>λειν,</span> <span class='ocrx_word' id='word_1_99' title='bbox 327 1988 401 2053; x_wconf 79' lang='grc' dir='ltr'>ἀλλ’</span> <span class='ocrx_word' id='word_1_100' title='bbox 424 1987 528 2064; x_wconf 85' lang='grc' dir='ltr'>ἐγωγέ</span> <span class='ocrx_word' id='word_1_101' title='bbox 544 2007 591 2050; x_wconf 96' lang='grc' dir='ltr'>ςοι</span> <span class='ocrx_word' id='word_1_102' title='bbox 606 1986 764 2063; x_wconf 83' lang='grc' dir='ltr'>ἐπιδείξω,</span> <span class='ocrx_word' id='word_1_103' title='bbox 787 1986 813 2051; x_wconf 92' lang='grc' dir='ltr'>εἰ</span> <span class='ocrx_word' id='word_1_104' title='bbox 836 1987 930 2051; x_wconf 84' lang='grc' dir='ltr'>εὐθὺς</span> <span class='ocrx_word' id='word_1_105' title='bbox 952 1988 1034 2065; x_wconf 89' lang='grc' dir='ltr'>πρὸς</span> <span class='ocrx_word' id='word_1_106' title='bbox 1055 1987 1113 2051; x_wconf 92' lang='grc' dir='ltr'>τὸν</span> <span class='ocrx_word' id='word_1_107' title='bbox 1136 1987 1280 2052; x_wconf 69' lang='grc' dir='ltr'>Ἰλιςὸνιθ</span> <span class='ocrx_word' id='word_1_108' title='bbox 1303 1986 1366 2064; x_wconf 89' lang='grc' dir='ltr'>ἅμα</span> 
     </span>
     <span class='ocr_line' id='line_1_13' title="bbox 225 2088 535 2170; baseline -0.006 -17"><span class='ocrx_word' id='word_1_109' title='bbox 225 2090 323 2170; x_wconf 83' lang='grc' dir='ltr'>ἄμφω</span> <span class='ocrx_word' id='word_1_110' title='bbox 348 2088 535 2169; x_wconf 89' lang='grc' dir='ltr'>βαδίςαιμεν.</span> 
     </span>
    </p>
   </div>
   <div class='ocr_carea' id='block_1_3' title="bbox 225 2256 1364 2441">
    <p class='ocr_par' dir='ltr' id='par_1_3' title="bbox 225 2256 1364 2441">
     <span class='ocr_line' id='line_1_14' title="bbox 310 2256 1364 2341; baseline -0.002 -19"><span class='ocrx_word' id='word_1_111' title='bbox 310 2257 488 2341; x_wconf 77' lang='lat' dir='ltr'>Supersunt</span> <span class='ocrx_word' id='word_1_112' title='bbox 510 2277 623 2319; x_wconf 91' lang='lat' dir='ltr'>novem</span> <span class='ocrx_word' id='word_1_113' title='bbox 646 2278 770 2339; x_wconf 78' lang='lat' dir='ltr'>versus,</span> <span class='ocrx_word' id='word_1_114' title='bbox 799 2278 933 2340; x_wconf 90' lang='lat' dir='ltr'>quorum</span> <span class='ocrx_word' id='word_1_115' title='bbox 962 2256 1121 2339; x_wconf 76' lang='lat' dir='ltr'>scriptura</span> <span class='ocrx_word' id='word_1_116' title='bbox 1143 2277 1271 2339; x_wconf 86' lang='lat' dir='ltr'>prorsus</span> <span class='ocrx_word' id='word_1_117' title='bbox 1294 2279 1364 2320; x_wconf 83' lang='lat' dir='ltr'>evn-</span> 
     </span>
     <span class='ocr_line' id='line_1_15' title="bbox 225 2357 1257 2441; baseline -0.002 -19"><span class='ocrx_word' id='word_1_118' title='bbox 225 2359 305 2422; x_wconf 79' lang='lat' dir='ltr'>nuit.</span> <span class='ocrx_word' id='word_1_119' title='bbox 349 2357 438 2421; x_wconf 90' lang='lat' dir='ltr'>Nihil</span> <span class='ocrx_word' id='word_1_120' title='bbox 462 2361 596 2441; x_wconf 78' lang='lat' dir='ltr'>apparet</span> <span class='ocrx_word' id='word_1_121' title='bbox 617 2361 744 2441; x_wconf 76' lang='lat' dir='ltr'>praeter</span> <span class='ocrx_word' id='word_1_122' title='bbox 767 2358 952 2421; x_wconf 73' lang='lat' dir='ltr'>correctoris</span> <span class='ocrx_word' id='word_1_123' title='bbox 975 2358 1257 2441; x_wconf 75' lang='lat' dir='ltr'>subscriptionem:</span> 
     </span>
    </p>
   </div>
   <div class='ocr_carea' id='block_1_4' title="bbox 721 2483 874 2542">
    <p class='ocr_par' dir='ltr' id='par_1_4' title="bbox 721 2483 874 2542">
     <span class='ocr_line' id='line_1_16' title="bbox 721 2483 874 2542; baseline 0.007 -3"><span class='ocrx_word' id='word_1_124' title='bbox 721 2483 874 2542; x_wconf 82' lang='lat' dir='ltr'>Feliciter.</span> 
     </span>
    </p>
   </div>
   <div class='ocr_carea' id='block_1_5' title="bbox 223 2713 1363 3962">
    <p class='ocr_par' dir='ltr' id='par_1_5' title="bbox 310 2713 526 2767">
     <span class='ocr_line' id='line_1_17' title="bbox 310 2713 526 2767; baseline -0.009 0"><span class='ocrx_word' id='word_1_125' title='bbox 310 2713 446 2767; x_wconf 86' lang='lat' dir='ltr'>lCodex:</span> <span class='ocrx_word' id='word_1_126' title='bbox 470 2716 526 2767; x_wconf 89' lang='grc' dir='ltr'>ΗΝ,</span> 
     </span>
    </p>

    <p class='ocr_par' dir='ltr' id='par_1_6' title="bbox 308 2798 552 2853">
     <span class='ocr_line' id='line_1_18' title="bbox 308 2798 552 2853; baseline -0.016 0"><span class='ocrx_word' id='word_1_127' title='bbox 308 2806 323 2853; x_wconf 78' lang='lat'>2</span> <span class='ocrx_word' id='word_1_128' title='bbox 343 2798 447 2852; x_wconf 85' lang='lat' dir='ltr'>Codex:</span> <span class='ocrx_word' id='word_1_129' title='bbox 471 2800 552 2852; x_wconf 80' lang='grc' dir='ltr'>δόξει.</span> 
     </span>
    </p>

    <p class='ocr_par' dir='ltr' id='par_1_7' title="bbox 308 2883 845 2949">
     <span class='ocr_line' id='line_1_19' title="bbox 308 2883 845 2949; baseline -0.006 -13"><span class='ocrx_word' id='word_1_130' title='bbox 308 2891 323 2937; x_wconf 86' lang='lat'><strong>3</strong></span> <span class='ocrx_word' id='word_1_131' title='bbox 341 2883 371 2936; x_wconf 85' lang='lat' dir='ltr'>F.</span> <span class='ocrx_word' id='word_1_132' title='bbox 391 2883 663 2949; x_wconf 89' lang='grc' dir='ltr'>μεταςτρεφόμενον.</span> <span class='ocrx_word' id='word_1_133' title='bbox 700 2885 845 2934; x_wconf 76' lang='lat' dir='ltr'>Bekkerus.</span> 
     </span>
    </p>

    <p class='ocr_par' dir='ltr' id='par_1_8' title="bbox 225 2963 1363 3108">
     <span class='ocr_line' id='line_1_20' title="bbox 307 2963 1363 3034; baseline 0.003 -14"><span class='ocrx_word' id='word_1_134' title='bbox 307 2966 441 3021; x_wconf 81' lang='lat' dir='ltr'>4Muius:</span> <span class='ocrx_word' id='word_1_135' title='bbox 468 2967 541 3020; x_wconf 82' lang='grc' dir='ltr'>ἀλλά</span> <span class='ocrx_word' id='word_1_136' title='bbox 558 2968 589 3030; x_wconf 91' lang='grc' dir='ltr'>γ’</span> <span class='ocrx_word' id='word_1_137' title='bbox 607 2966 637 3019; x_wconf 91' lang='grc' dir='ltr'>ἐν</span> <span class='ocrx_word' id='word_1_138' title='bbox 654 2972 690 3034; x_wconf 80' lang='grc' dir='ltr'>γῇ</span> <span class='ocrx_word' id='word_1_139' title='bbox 709 2968 804 3020; x_wconf 89' lang='grc' dir='ltr'>πεςόν.</span> <span class='ocrx_word' id='word_1_140' title='bbox 836 2965 874 3018; x_wconf 77' lang='lat' dir='ltr'>m</span> <span class='ocrx_word' id='word_1_141' title='bbox 891 2964 918 3018; x_wconf 89' lang='lat' dir='ltr'>in</span> <span class='ocrx_word' id='word_1_142' title='bbox 937 2963 1038 3018; x_wconf 84' lang='lat' dir='ltr'>Codice</span> <span class='ocrx_word' id='word_1_143' title='bbox 1056 2965 1206 3020; x_wconf 72' lang='lat' dir='ltr'>invenitur:</span> <span class='ocrx_word' id='word_1_144' title='bbox 1234 2969 1363 3023; x_wconf 87' lang='grc' dir='ltr'>ΑΛΛΟΥ-</span> 
     </span>
     <span class='ocr_line' id='line_1_21' title="bbox 225 3048 787 3108; baseline -0.011 0"><span class='ocrx_word' id='word_1_145' title='bbox 225 3053 463 3108; x_wconf 73' lang='grc' dir='ltr'>ΔΕΝΙἚΠΑΕΟΝ.</span> <span class='ocrx_word' id='word_1_146' title='bbox 499 3051 554 3103; x_wconf 82' lang='lat' dir='ltr'>Res</span> <span class='ocrx_word' id='word_1_147' title='bbox 571 3048 719 3102; x_wconf 77' lang='lat' dir='ltr'>manifesta</span> <span class='ocrx_word' id='word_1_148' title='bbox 737 3051 787 3102; x_wconf 79' lang='lat' dir='ltr'>est.</span> 
     </span>
    </p>

    <p class='ocr_par' dir='ltr' id='par_1_9' title="bbox 309 3135 1008 3369">
     <span class='ocr_line' id='line_1_22' title="bbox 309 3135 755 3191; baseline -0.011 0"><span class='ocrx_word' id='word_1_149' title='bbox 309 3136 448 3191; x_wconf 80' lang='lat' dir='ltr'>5C0dex:</span> <span class='ocrx_word' id='word_1_150' title='bbox 476 3135 755 3189; x_wconf 86' lang='grc' dir='ltr'>ΑΠΟΛΛΥΣΕΙΟΔΕ.</span> 
     </span>
     <span class='ocr_line' id='line_1_23' title="bbox 309 3219 587 3286; baseline -0.011 -13"><span class='ocrx_word' id='word_1_151' title='bbox 309 3227 324 3273; x_wconf 85' lang='grc'><strong>6</strong></span> <span class='ocrx_word' id='word_1_152' title='bbox 343 3219 449 3274; x_wconf 80' lang='lat' dir='ltr'><strong>Codex:</strong></span> <span class='ocrx_word' id='word_1_153' title='bbox 468 3221 587 3286; x_wconf 83' lang='grc' dir='ltr'>ἐρῶντα.</span> 
     </span>
     <span class='ocr_line' id='line_1_24' title="bbox 310 3302 1008 3369; baseline -0.006 -9"><span class='ocrx_word' id='word_1_154' title='bbox 310 3312 324 3360; x_wconf 78' lang='grc'>7</span> <span class='ocrx_word' id='word_1_155' title='bbox 343 3304 448 3358; x_wconf 84' lang='lat' dir='ltr'>Codex:</span> <span class='ocrx_word' id='word_1_156' title='bbox 468 3304 619 3357; x_wconf 89' lang='grc' dir='ltr'>ΕΣΤΙΑΝΦ</span> <span class='ocrx_word' id='word_1_157' title='bbox 639 3345 685 3356; x_wconf 91' lang='grc'>...</span> <span class='ocrx_word' id='word_1_158' title='bbox 708 3304 764 3369; x_wconf 87' lang='grc' dir='ltr'>ΗΝ,</span> <span class='ocrx_word' id='word_1_159' title='bbox 783 3302 832 3356; x_wconf 86' lang='lat' dir='ltr'>sed</span> <span class='ocrx_word' id='word_1_160' title='bbox 851 3304 872 3356; x_wconf 93' lang='grc' dir='ltr'>Α</span> <span class='ocrx_word' id='word_1_161' title='bbox 891 3319 1008 3357; x_wconf 80' lang='lat' dir='ltr'>erasum.</span> 
     </span>
    </p>

    <p class='ocr_par' dir='ltr' id='par_1_10' title="bbox 308 3385 815 3443">
     <span class='ocr_line' id='line_1_25' title="bbox 308 3385 815 3443; baseline -0.008 0"><span class='ocrx_word' id='word_1_162' title='bbox 308 3396 324 3443; x_wconf 86' lang='lat'>8</span> <span class='ocrx_word' id='word_1_163' title='bbox 341 3387 435 3443; x_wconf 82' lang='lat' dir='ltr'>Prima</span> <span class='ocrx_word' id='word_1_164' title='bbox 452 3387 547 3440; x_wconf 73' lang='lat' dir='ltr'>littero</span> <span class='ocrx_word' id='word_1_165' title='bbox 565 3403 644 3440; x_wconf 79' lang='lat' dir='ltr'>erasa</span> <span class='ocrx_word' id='word_1_166' title='bbox 660 3385 689 3438; x_wconf 88' lang='lat' dir='ltr'>in</span> <span class='ocrx_word' id='word_1_167' title='bbox 708 3386 815 3440; x_wconf 82' lang='lat' dir='ltr'>Codice.</span> 
     </span>
    </p>

    <p class='ocr_par' dir='ltr' id='par_1_11' title="bbox 224 3469 1363 3628">
     <span class='ocr_line' id='line_1_26' title="bbox 308 3469 1363 3540; baseline 0 -12"><span class='ocrx_word' id='word_1_168' title='bbox 308 3481 324 3528; x_wconf 89' lang='grc' dir='ltr'>θ</span> <span class='ocrx_word' id='word_1_169' title='bbox 343 3477 363 3527; x_wconf 90' lang='grc' dir='ltr'>Σ</span> <span class='ocrx_word' id='word_1_170' title='bbox 381 3490 436 3526; x_wconf 91' lang='lat' dir='ltr'>non</span> <span class='ocrx_word' id='word_1_171' title='bbox 454 3471 572 3540; x_wconf 82' lang='lat' dir='ltr'>amplius</span> <span class='ocrx_word' id='word_1_172' title='bbox 590 3472 716 3540; x_wconf 76' lang='lat' dir='ltr'>apparet.</span> <span class='ocrx_word' id='word_1_173' title='bbox 746 3469 874 3540; x_wconf 77' lang='lat' dir='ltr'>Spatium</span> <span class='ocrx_word' id='word_1_174' title='bbox 891 3489 1008 3526; x_wconf 84' lang='lat' dir='ltr'>vacuum</span> <span class='ocrx_word' id='word_1_175' title='bbox 1025 3487 1081 3524; x_wconf 93' lang='lat' dir='ltr'>non</span> <span class='ocrx_word' id='word_1_176' title='bbox 1100 3471 1185 3526; x_wconf 79' lang='lat' dir='ltr'>dubia</span> <span class='ocrx_word' id='word_1_177' title='bbox 1203 3475 1363 3528; x_wconf 80' lang='lat' dir='ltr'>coniectum</span> 
     </span>
     <span class='ocr_line' id='line_1_27' title="bbox 224 3559 358 3628; baseline 0 -18"><span class='ocrx_word' id='word_1_178' title='bbox 224 3559 358 3628; x_wconf 81' lang='lat' dir='ltr'>supplevi.</span> 
     </span>
    </p>

    <p class='ocr_par' dir='ltr' id='par_1_12' title="bbox 223 3632 1362 3962">
     <span class='ocr_line' id='line_1_28' title="bbox 293 3632 1362 3709; baseline -0.002 -12"><span class='ocrx_word' id='word_1_179' title='bbox 293 3650 324 3697; x_wconf 89' lang='lat'>10</span> <span class='ocrx_word' id='word_1_180' title='bbox 341 3643 450 3696; x_wconf 85' lang='lat' dir='ltr'>Revera</span> <span class='ocrx_word' id='word_1_181' title='bbox 466 3640 571 3709; x_wconf 81' lang='lat' dir='ltr'>legitur</span> <span class='ocrx_word' id='word_1_182' title='bbox 587 3640 617 3693; x_wconf 89' lang='lat' dir='ltr'>in</span> <span class='ocrx_word' id='word_1_183' title='bbox 635 3639 736 3694; x_wconf 83' lang='lat' dir='ltr'>Codice</span> <span class='ocrx_word' id='word_1_184' title='bbox 754 3641 830 3709; x_wconf 92' lang='lat' dir='ltr'>quod</span> <span class='ocrx_word' id='word_1_185' title='bbox 848 3640 924 3694; x_wconf 88' lang='lat' dir='ltr'>dedi:</span> <span class='ocrx_word' id='word_1_186' title='bbox 954 3642 1044 3705; x_wconf 83' lang='grc' dir='ltr'>ἔγωγέ</span> <span class='ocrx_word' id='word_1_187' title='bbox 1063 3658 1104 3695; x_wconf 92' lang='grc' dir='ltr'>ςοι</span> <span class='ocrx_word' id='word_1_188' title='bbox 1123 3642 1261 3697; x_wconf 84' lang='grc' dir='ltr'>ἐπιδείξω.</span> <span class='ocrx_word' id='word_1_189' title='bbox 1280 3632 1362 3696; x_wconf 71' lang='lat' dir='ltr'>:diter</span> 
     </span>
     <span class='ocr_line' id='line_1_29' title="bbox 223 3725 1362 3794; baseline 0 -14"><span class='ocrx_word' id='word_1_190' title='bbox 223 3728 319 3782; x_wconf 79' lang='lat' dir='ltr'>Maius,</span> <span class='ocrx_word' id='word_1_191' title='bbox 355 3727 426 3779; x_wconf 86' lang='lat' dir='ltr'>Tum</span> <span class='ocrx_word' id='word_1_192' title='bbox 449 3725 574 3793; x_wconf 69' lang='lat' dir='ltr'>sequitur</span> <span class='ocrx_word' id='word_1_193' title='bbox 598 3726 724 3791; x_wconf 90' lang='grc' dir='ltr'>ΙΙΧΟΥΣ,</span> <span class='ocrx_word' id='word_1_194' title='bbox 756 3725 831 3793; x_wconf 89' lang='lat' dir='ltr'>quod</span> <span class='ocrx_word' id='word_1_195' title='bbox 856 3725 953 3794; x_wconf 80' lang='lat' dir='ltr'>scripsi</span> <span class='ocrx_word' id='word_1_196' title='bbox 980 3726 1005 3779; x_wconf 84' lang='grc' dir='ltr'>εἰ</span> <span class='ocrx_word' id='word_1_197' title='bbox 1028 3728 1118 3780; x_wconf 88' lang='grc' dir='ltr'>εὐθύς.</span> <span class='ocrx_word' id='word_1_198' title='bbox 1158 3727 1248 3779; x_wconf 87' lang='lat' dir='ltr'>Minus</span> <span class='ocrx_word' id='word_1_199' title='bbox 1269 3726 1362 3794; x_wconf 78' lang='lat' dir='ltr'>placet</span> 
     </span>
     <span class='ocr_line' id='line_1_30' title="bbox 223 3809 1361 3878; baseline -0.003 -14"><span class='ocrx_word' id='word_1_200' title='bbox 223 3811 384 3865; x_wconf 78' lang='lat' dir='ltr'>Buttnmnni</span> <span class='ocrx_word' id='word_1_201' title='bbox 401 3813 488 3877; x_wconf 80' lang='grc' dir='ltr'>τυχὸν</span> <span class='ocrx_word' id='word_1_202' title='bbox 507 3810 539 3864; x_wconf 85' lang='grc' dir='ltr'>εἰ.</span> <span class='ocrx_word' id='word_1_203' title='bbox 577 3809 648 3862; x_wconf 88' lang='lat' dir='ltr'>Tum</span> <span class='ocrx_word' id='word_1_204' title='bbox 667 3811 763 3863; x_wconf 89' lang='grc' dir='ltr'>Ἰλιςὸν</span> <span class='ocrx_word' id='word_1_205' title='bbox 780 3825 832 3878; x_wconf 90' lang='lat' dir='ltr'>pro</span> <span class='ocrx_word' id='word_1_206' title='bbox 852 3811 965 3864; x_wconf 88' lang='grc' dir='ltr'>ΙΑΙΣΟΝ</span> <span class='ocrx_word' id='word_1_207' title='bbox 986 3810 1098 3862; x_wconf 81' lang='lat' dir='ltr'>evidens</span> <span class='ocrx_word' id='word_1_208' title='bbox 1116 3810 1274 3864; x_wconf 79' lang='lat' dir='ltr'>emendatio</span> <span class='ocrx_word' id='word_1_209' title='bbox 1293 3811 1361 3862; x_wconf 79' lang='lat' dir='ltr'>eius-</span> 
     </span>
     <span class='ocr_line' id='line_1_31' title="bbox 224 3895 871 3962; baseline 0 -15"><span class='ocrx_word' id='word_1_210' title='bbox 224 3896 295 3949; x_wconf 82' lang='lat' dir='ltr'>dem.</span> <span class='ocrx_word' id='word_1_211' title='bbox 334 3895 484 3948; x_wconf 74' lang='lat' dir='ltr'>[acolisiusz</span> <span class='ocrx_word' id='word_1_212' title='bbox 504 3897 588 3961; x_wconf 86' lang='grc' dir='ltr'>τάχος</span> <span class='ocrx_word' id='word_1_213' title='bbox 608 3896 678 3962; x_wconf 90' lang='grc' dir='ltr'>πρὸς</span> <span class='ocrx_word' id='word_1_214' title='bbox 697 3896 749 3947; x_wconf 87' lang='grc' dir='ltr'>τὸν</span> <span class='ocrx_word' id='word_1_215' title='bbox 769 3896 871 3948; x_wconf 87' lang='grc' dir='ltr'>Ἰλιςόν.</span> 
     </span>
    </p>
   </div>
   <div class='ocr_carea' id='block_1_6' title="bbox 0 0 1654 5950">
    <p class='ocr_par' dir='ltr' id='par_1_13' title="bbox 0 0 1654 5950">
     <span class='ocr_line' id='line_1_32' title="bbox 0 0 1654 5950; baseline 0 0"><span class='ocrx_word' id='word_1_216' title='bbox 0 0 1654 5950; x_wconf 95' lang='lat' dir='ltr'> </span> 
     </span>
    </p>
   </div>
  </div>
 </body>
</html>
