3300 5950
574 855 576 860 Ι
683 776 963 834 eaonnsonnun.
1301 800 1401 847 χω

563 945 782 1015 Capitolinus
804 946 837 998 in
854 946 966 1001 Marco
986 946 1053 1016 Cap.
1072 954 1096 1006 2.

345 1030 533 1095 Oratoribus
555 1053 631 1095 usus
654 1035 703 1095 est
719 1031 875 1115 (Marcus)
893 1032 1024 1096 Graecis
1047 1034 1168 1096 Aninio
1190 1034 1300 1097 Marco
1307 1086 1315 1117 ,
1342 1035 1400 1100 Ca-

255 1116 347 1180 ninio
363 1114 472 1180 Celere
495 1119 527 1179 et
541 1114 668 1179 Herode
684 1115 809 1197 Attico;
832 1116 949 1180 Latino
964 1116 1126 1181 Frontone
1150 1117 1307 1183 Cornelia.
1339 1120 1401 1184 Sed

256 1201 393 1264 multum
411 1222 449 1263 ex
464 1200 515 1263 his
534 1199 690 1263 Frontoni
708 1200 834 1283 detulit,
854 1201 905 1263 cui
916 1205 949 1264 et
965 1204 1105 1264 statuam
1119 1202 1155 1265 in
1167 1206 1281 1266 senatu
1295 1204 1400 1287 petiit.

644 1317 734 1371 Idem
751 1318 785 1369 in
802 1316 889 1370 Vero
908 1316 974 1387 Cap.
994 1325 1019 1375 2.

341 1404 475 1467 Audivit
503 1402 634 1488 (Verus)
662 1401 806 1465 rhetores
837 1401 977 1466 Graecos
1000 1403 1222 1487 Apollonium,
1258 1405 1400 1470 Celerem

257 1487 439 1570 Caninium,
463 1486 623 1551 Herodem
639 1486 795 1568 Atticum,
819 1486 971 1558 Latinum
987 1487 1170 1553 Cornelium
1191 1488 1399 1554 Frontonem.

256 1571 325 1638 Hos
348 1594 458 1635 omnes
482 1572 601 1634 amavit
628 1572 723 1634 unice
751 1574 847 1654 atque
877 1571 917 1633 ab
945 1571 995 1635 his
1022 1572 1160 1636 invicem
1183 1573 1317 1637 dilectus
1340 1578 1398 1638 001.
1454 1621 1457 1628 -

488 1640 575 1721 ‘4²⁴'
611 1687 779 1741 Minucius
796 1688 893 1741 Felix
911 1688 979 1757 Cap.
997 1689 1046 1745 IX.

341 1774 385 1838 Et
408 1775 446 1837 de
469 1774 614 1837 convivio
635 1776 749 1837 notum
771 1776 834 1855 est,
858 1775 980 1857 passim
1002 1796 1112 1838 omnes
1135 1776 1320 1859 loquuntur.
1362 1777 1399 1840 Id

258 1859 356 1923 etiarn
378 1858 533 1924 Cirtensis
555 1858 658 1921 nostri
686 1860 824 1921 testatur
846 1859 959 1922 oratio.

678 1974 770 2028 Idem
793 1973 860 2042 Cap.
878 1974 976 2032 XXXI.

342 2060 396 2126 Sic
418 2062 456 2123 de
478 2060 540 2123 isto
564 2059 737 2143 (convivio)
766 2063 798 2122 et
820 2063 896 2122 tuus
918 2059 1038 2123 Fronto
1065 2065 1194 2139 nonut
1222 2062 1399 2126 affirmator

255 2144 477 2210 testimonium
497 2144 585 2226 fecit,
610 2145 666 2222 sed¹
689 2143 867 2207 convicium
889 2147 926 2206 ut
948 2146 1055 2207 orator
1077 2146 1223 2227 aspersit.

417 2278 599 2332 Eumenius
617 2277 650 2329 in
667 2276 881 2345 Panegyrico
901 2276 1097 2332 Constantii
1116 2277 1182 2348 Cap.
1204 2284 1244 2332 14.

341 2381 461 2445 Fronto
484 2380 648 2444 Romanae
672 2378 874 2462 eloquentiae
896 2399 962 2442 non
985 2380 1160 2443 secundum
1183 2381 1237 2444 sed
1261 2380 1397 2445 altemm

257 2467 363 2548 (100110,
388 2486 459 2529 cum
481 2464 558 2527 belli
578 2465 614 2527 in
629 2462 801 2526 Britannia
818 2463 956 2527 confecti
979 2463 1105 2527 laudem
1121 2466 1289 2529 Antonino
1311 2467 1398 2550 prin-

257 2550 321 2633 cipi
343 2550 444 2631 daret,
468 2548 612 2633 quamvis
627 2548 681 2611 ille
703 2547 823 2631 inipso
840 2546 936 2611 Urbis
952 2546 1077 2611 Palatio
1100 2550 1243 2612 residens
1265 2551 1400 2633 gerendi

256 2635 324 2698 eius
346 2635 531 2697 mandasset
553 2633 745 2715 auspicium,
777 2632 877 2696 veluti
905 2632 1022 2715 longae
1049 2633 1141 2695 navis
1174 2634 1399 2717 gubernaculis

256 2719 493 2782 draesidentem
520 2718 619 2780 totius
641 2716 864 2780 velificationis
893 2719 925 2779 et
954 2738 1064 2779 cursus
1087 2716 1223 2800 gloriam
1245 2720 1399 2782 meruisse

254 2806 393 2867 testatus
417 2805 473 2866 est.

386 2920 555 2973 Ausonius
573 2918 607 2971 in
625 2918 821 2972 Gratiarum
839 2917 984 2971 Actione
1008 2917 1098 2970 01100
1115 2918 1268 2972 medium.

340 3021 446 3087 Unica
473 3020 553 3084 mihi
582 3020 804 3104 amplectenda
832 3025 882 3084 est
908 3020 1081 3084 Frontonis
1113 3022 1266 3084 imitatio:
1303 3045 1398 3105 quem

255 3111 364 3171 tamen
387 3107 528 3191 Augusti
550 3107 741 3190 magistrum
763 3106 808 3168 010
833 3105 1015 3168 consulatus
1036 3105 1179 3186 ornavit,
1212 3109 1247 3168 ut
1275 3108 1398 3188 praefe-

258 3195 350 3256 ctura
371 3213 438 3255 non
461 3191 615 3274 cingeret.
647 3189 709 3253 Sed
732 3189 916 3253 consulatus
939 3189 993 3252 ille
1016 3188 1216 3252 cuiusmodi?
1238 3191 1398 3255 ordinario

256 3277 422 3358 suffectus,
452 3275 597 3338 bimestri
625 3274 730 3357 spatio
757 3274 983 3356 interposituS,
1013 3273 1049 3336 in
1082 3277 1173 3337 sexta
1201 3276 1278 3338 anni
1307 3279 1398 3357 parte

258 3364 479 3443 consumptus:
508 3359 725 3442 quaerendum
753 3361 790 3421 ut
811 3359 977 3441 reliquerit
998 3360 1110 3420 tantus
1132 3362 1254 3439 010101,
1284 3360 1398 3441 quibus

258 3445 440 3510 consulibus
463 3445 599 3528 gesserit
622 3443 833 3506 consulatum.
878 3442 963 3506 Ecce
992 3442 1078 3505 aliud
1101 3443 1184 3525 quod
1207 3443 1322 3526 aliquis
1345 3466 1398 3526 op-

255 3532 365 3613 ponat.
402 3529 443 3592 ln
464 3529 549 3591 tanti
566 3531 603 3591 'te
627 3549 702 3610 ergo
726 3527 861 3590 oratoris
883 3528 1051 3612 fastigium
1073 3526 1230 3610 gloriosus
1254 3527 1398 3590 attollis?

257 3614 308 3678 cui
329 3613 408 3678 talia
423 3613 600 3697 requirenti
615 3612 813 3694 respondebo
836 3612 990 3675 breviter:
1014 3632 1080 3675 non
1097 3632 1156 3694 ego
1171 3633 1222 3674 me
1239 3612 1397 3675 contendo

254 3697 421 3781 Frontoni,
445 3698 501 3761 sed
523 3697 691 3760 Antonino
713 3697 859 3779 praefero
883 3695 1085 3761 Gratianum.

584 3829 779 3883 Macrobius
798 3829 971 3887 Saturnal.
989 3830 1022 3894 V,
1042 3836 1065 3881 1.

340 3915 483 3990 1111011101
510 3919 586 3978 sunt
612 3936 733 3998 genera
760 3914 902 3978 dicendi:
941 3915 1118 3997 copiosum,
1142 3914 1177 3976 in
1200 3935 1262 3996 quo
1285 3914 1395 3978 Cicero

254 4001 453 4065 dominatur:
481 4000 592 4082 breve,
616 4000 652 4061 in
680 4020 742 4082 quo
771 3998 941 4063 Sallustius
967 4000 1101 4082 regnat:
1146 3998 1283 4079 siccum,
1313 4000 1397 4081 quod

170 4146 173 4152 ,
253 4084 410 4148 Frontoni
433 4084 639 4148 adscribitur:
671 4084 793 4166 pingue
817 4086 850 4146 01
871 4083 1035 4164 floridum,
1059 4083 1095 4144 in
1117 4103 1179 4163 quc
1194 4081 1319 4145 Plinius
1343 4082 1396 4145 80-

256 4169 378 4234 cundus
401 4169 578 4251 quondam,
608 4170 641 4230 et
663 4189 750 4231 nuno
772 4167 861 4230 nullo
883 4170 1027 4231 veterum
1049 4166 1153 4229 minor
1175 4169 1284 4228 noster
1307 4165 1395 4248 Sym-

253 4252 386 4317 machus
408 4252 598 4316 luxuriatur.

255 4368 462 4424 Claudianus
487 4369 668 4422 Mamertus
692 4369 788 4436 cpist.
812 4369 853 4422 ad
877 4368 1069 4436 Sepaudunr
1091 4369 1265 4420 rhetorem
1282 4366 1393 4419 Balur.

541 4435 682 4490 miscell.
702 4436 749 4490 ed.
773 4436 878 4490 Paris.
897 4439 916 4489 t.
936 4436 983 4489 VI.
1002 4454 1030 4505 p.
1049 4442 1106 4490 535.

337 4537 478 4602 Naevius
501 4542 533 4602 01
555 4537 688 4600 Plautus
709 4538 770 4601 tibi
793 4539 833 4601 ad
856 4538 1066 4621 elegantiam,
1092 4535 1171 4600 Cato
1194 4535 1234 4597 ad
1256 4536 1395 4619 gravita-

252 4627 329 4705 tem,
353 4622 456 4687 Varro
472 4623 512 4685 ad
526 4622 686 4705 peritiam,
712 4621 876 4686 Gracchus
899 4624 939 4686 ad
955 4621 1172 4702 acrimoniam,
1197 4619 1395 4703 Chrysippus

254 4708 294 4770 ad
316 4707 536 4790 disciplinam,
566 4706 686 4769 Fronto
716 4707 755 4769 ad
783 4728 949 4790 pompam,
980 4705 1089 4770 Cicero
1118 4705 1157 4768 ad
1180 4704 1394 4787 eloquentiam

254 4792 482 4876 capessendam
504 4792 575 4854 usui
598 4792 673 4854 sint.
