3300 5950
690 1127 951 1200 Addendu

319 1328 478 1396 Sequuntur
501 1328 632 1396 excerpta
654 1342 688 1380 ex
705 1323 816 1379 Henrici
834 1325 916 1380 Alani
933 1324 1104 1379 Coniecturis
1123 1326 1151 1379 et
1168 1324 1408 1378 Animadversio-

230 1415 345 1477 nibus,
365 1429 433 1480 quas
452 1429 524 1465 nunc
542 1412 653 1466 demum
672 1427 807 1479 usurpare
825 1410 910 1463 licuit.
947 1408 1068 1463 Libellus
1087 1411 1128 1463 est
1145 1426 1300 1479 paucarum
1312 1409 1407 1479 pagi-

253 1514 351 1552 narum
369 1498 398 1551 et
415 1494 538 1550 Dublinii
555 1493 659 1564 prodiit
677 1511 749 1548 anno
770 1498 841 1547 1841.

251 1633 281 1687 Ρ.
303 1639 333 1685 13
352 1651 376 1685 v.
396 1638 420 1685 0.
457 1630 572 1700 Supple:
609 1629 672 1683 Sive
690 1629 839 1699 pervigiles
857 1636 898 1683 die
917 1640 991 1683 noctu
1008 1648 1108 1698 semper
1121 1631 1281 1698 protegant.

251 1718 281 1772 P.
302 1725 334 1771 20
352 1737 377 1771 v.
398 1724 437 1770 14.
474 1715 564 1782 Lege:
588 1715 619 1767 ut
637 1714 660 1766 si
677 1712 785 1767 simiam
804 1715 854 1767 eut
871 1715 981 1783 volpem
999 1713 1111 1783 Apelles
1134 1715 1267 1784 pisperet,
1285 1714 1408 1767 bestiae

319 1806 443 1856 sordidae
460 1799 581 1869 pretium
600 1800 724 1853 adderet.

251 1889 281 1941 P.
301 1893 333 1939 22
352 1905 376 1939 v.
396 1892 419 1938 4.
456 1885 545 1952 Lege:
565 1882 683 1936 mollitie
701 1888 818 1935 delicata.

251 1973 281 2025 P.
301 1977 335 2025 44
352 1988 377 2023 v.
398 1976 419 2021 1.
455 1969 542 2035 Lege:
565 1966 679 2036 negotio
699 1972 784 2022 invito.

251 2056 280 2109 Ρ.
301 2062 375 2108 451.
394 2060 419 2107 4.
455 2053 541 2121 Lege:
562 2039 693 2104 linono.

251 2141 280 2194 Ρ.
300 2145 333 2192 48
351 2157 375 2191 v.
395 2145 418 2191 6.
456 2136 571 2206 Supple:
590 2134 700 2189 videam
717 2136 745 2187 te
763 2141 893 2188 valentem.

251 2225 280 2278 P.
300 2229 333 2276 48
350 2242 375 2274 v.
393 2228 434 2274 24.
470 2219 629 2288 Distingue:
659 2220 852 2287 quodcumque
880 2236 962 2272 ausus
988 2219 1073 2272 fueris
1101 2235 1163 2272 oum
1189 2218 1242 2273 isto
1269 2219 1408 2288 ingeni0,

318 2305 451 2375 perficies.

251 2391 280 2444 P.
299 2397 332 2444 48
350 2410 375 2444 v.
395 2390 443 2442 ult.
482 2388 598 2458 Supple:
626 2394 661 2450 de
682 2393 838 2442 hexametris
865 2393 993 2453 faciendis
1014 2389 1043 2441 in
1066 2404 1110 2440 me
1132 2391 1234 2457 recipio
1260 2389 1407 2445 vocabula

319 2475 427 2527 duriora
445 2484 543 2539 notcre,
562 2479 586 2526 si
603 2478 681 2526 minus
698 2473 822 2541 perfecte
841 2472 1001 2529 absolveris.

251 2562 281 2613 Ρ.
300 2566 330 2612 61
351 2578 375 2613 v.
397 2564 436 2610 12.
473 2557 559 2626 Lege:
579 2562 712 2624 informior
729 2556 832 2610 littera.

251 2644 280 2697 P.
301 2651 332 2698 70
350 2662 374 2696 v.
394 2648 427 2694 24
446 2643 474 2694 et
490 2661 517 2710 p.
538 2648 569 2695 91
588 2661 612 2695 v.
631 2647 655 2695 9.
685 2640 752 2694 Maii
769 2657 901 2709 perversu
918 2641 1104 2711 interpunctio
1123 2643 1274 2712 corrigitur
1292 2643 1404 2697 eodem

320 2727 403 2779 modo
422 2740 476 2793 quo
496 2725 571 2793 apud
588 2742 647 2777 uos.

251 2813 280 2865 P.
299 2818 331 2865 83
349 2830 374 2862 v.
395 2815 434 2861 12.
470 2808 553 2862 Alani
571 2811 600 2862 et
618 2808 713 2862 Orellii
731 2810 930 2875 (υνέμπτωειε.

251 2896 280 2949 Ρ.
302 2901 350 2950 100
367 2913 391 2947 v.
412 2899 452 2945 11.
488 2894 575 2961 Lege:
595 2898 680 2946 Nitito
697 2899 775 2962 napis
793 2895 843 2947 aut
860 2900 922 2947 uitat
940 2902 1073 2953 eominus.

251 2982 280 3034 P.
301 2987 349 3034 106
368 2998 391 3032 ν.
411 2984 435 3032 8.
473 2978 589 3047 Supple:
619 2982 656 3032 Re
674 2985 798 3046 copnitam
815 2984 903 3042 labeo,
923 3001 996 3050 qnam
1013 2987 1074 3035 ninii
1090 2993 1140 3036 tam
1156 2985 1287 3052 paratum
1305 2985 1398 3052 atque

319 3064 494 3133 expeditum..
514 3095 547 3102 —
576 3062 710 3118 Continuo
728 3063 833 3116 Alanus
855 3065 961 3117 mavult
979 3070 1080 3129 Scribe,
1104 3067 1180 3135 quod
1202 3084 1255 3136 ego
1279 3084 1397 3137 quoque

319 3147 517 3203 commendavi.
613 3148 619 3159 '

251 3237 280 3288 P.
302 3241 348 3286 121
368 3253 392 3286 v.
411 3239 434 3287 5.
471 3232 557 3300 Lege:
588 3238 727 3299 adpnonen
748 3232 907 3286 Armeniaci
926 3236 1000 3301 quod
1024 3238 1200 3290 recusaverat
1217 3238 1393 3292 sumendum.

251 3320 280 3372 P.
301 3325 349 3372 132
371 3337 395 3369 v.
417 3324 457 3372 13.
493 3315 596 3368 Alanus
619 3318 694 3369 recte
717 3318 824 3370 confert
847 3317 955 3371 Sallust.
976 3318 1103 3373 caule:
1137 3321 1181 3374 lta
1207 3338 1317 3387 eorum,
1344 3323 1394 3390 qui

318 3404 417 3467 fecere,
436 3400 523 3454 virtus
541 3401 620 3454 tauta
637 3400 765 3466 habetur,
784 3403 918 3468 quantum
932 3403 1024 3457 verbis
1043 3421 1106 3458 enm
1122 3412 1239 3474 potuere
1258 3406 1393 3462 extollere

318 3486 463 3555 praeclaro
480 3484 599 3553 ingenia.
624 3485 703 3538 Adde
715 3485 867 3554 Vopiscum
884 3486 914 3541 in
929 3488 1021 3542 Probo
1034 3491 1062 3542 et
1073 3489 1205 3543 Nostrum
1223 3490 1252 3544 in
1268 3489 1391 3561 Princip.

319 3569 390 3622 Hist.
410 3588 437 3638 p.
457 3575 514 3622 202.

196 3664 199 3670 ’
252 3655 283 3707 Ρ.
303 3660 350 3707 138
368 3672 392 3706 v.
414 3659 452 3706 10.
490 3651 559 3705 Cum
576 3652 736 3707 Heindorfio
754 3654 851 3708 scribit
868 3660 1009 3711 acerbitati.
1354 3718 1362 3729 .

250 3739 280 3791 P.
301 3743 348 3791 166
367 3756 392 3790 v.
413 3743 435 3793 1.
471 3736 558 3804 Lege:
581 3737 709 3792 Plautino
726 3743 797 3805 facto
815 3741 914 3807 verbo,
939 3741 1000 3795 coll.
1019 3742 1107 3796 Bentl.
1128 3743 1165 3797 nd
1181 3743 1248 3797 Hor.
1268 3744 1302 3797 de
1321 3743 1374 3798 Art

318 3839 356 3874 vs.
377 3828 417 3874 52.

250 3907 280 3959 Ρ.
300 3910 349 3959 195
367 3925 390 3959 v.
412 3911 450 3958 12.
488 3904 604 3974 Supple:
622 3907 792 3974 nepotesque
809 3916 950 3975 praesidio.
1338 3965 1342 3981 ,

250 3989 280 4042 Ρ.
299 3995 348 4042 204
366 4008 390 4042 v.
408 3996 434 4041 4.
471 3988 541 4052 01116
558 3989 662 4043 Alanus
681 3990 792 4044 dubitat
810 3991 844 4044 de
862 3993 980 4048 lectione
997 4001 1182 4063 appellandae,
1202 4015 1303 4067 operae
1322 4016 1391 4068 pre-

317 4073 387 4126 tium
406 4075 447 4126 est
464 4072 608 4140 adnotare,
626 4073 747 4128 amioum
764 4093 858 4130 meum
876 4076 944 4131 illud
955 4078 1045 4148 ipsum
1057 4088 1229 4150 appellandae
1246 4083 1276 4136 in
1289 4082 1390 4138 Codice
1499 4082 1504 4094 '

317 4174 461 4210 invemsse.

250 4242 279 4294 P.
299 4247 349 4294 220
366 4259 391 4293 v.
412 4246 451 4294 11.
487 4241 591 4295 Alenus
610 4259 720 4312 quoque
739 4243 809 4298 vidit
825 4245 855 4299 in
871 4248 1034 4316 vcorruptela
1050 4249 1151 4305 lutere:
1170 4261 1255 4305 truces
1271 4252 1354 4306 nuri.

250 4324 278 4377 Ρ.
300 4331 349 4378 222
367 4343 392 4377 v.
412 4331 435 4377 2.
474 4324 589 4394 Supple:
609 4334 640 4380 de
658 4334 828 4396 vectipalibns.

249 4409 279 4461 P.
299 4413 347 4462 226
365 4426 389 4460 v.
412 4414 450 4461 19.
487 4410 542 4461 An:
561 4412 697 4479 perpetuo
715 4417 866 4467 substrictae
884 4420 965 4468 sunt?

249 4494 279 4546 P.
299 4499 348 4546 226
366 4511 390 4545 v.
411 4493 459 4544 ult.
496 4494 598 4547 Iterum
615 4494 698 4549 Alani
716 4497 745 4549 et
762 4497 859 4551 Orellii
876 4501 1072 4565 (υνέμπτωειε.

248 4576 279 4630 P.
298 4583 347 4630 229
366 4595 390 4629 v.
412 4582 450 4629 19.
486 4576 573 4646 Lege:
591 4583 699 4633 ilumeris
717 4581 760 4634 vcl
778 4586 880 4637 humero
898 4597 1017 4652 eruptus.

249 4661 278 4714 P.
299 4666 347 4714 231
366 4678 389 4712 v.
408 4667 431 4712 2.
469 4661 527 4714 lam
544 4661 648 4715 Alanus
670 4663 741 4717 vidit
758 4666 962 4721 emendandum
980 4685 1039 4725 esse
1056 4677 1222 4727 condoluisse.

249 4743 279 4796 P.
298 4750 348 4797 232
366 4762 390 4797 v.
411 4750 451 4797 13.
488 4744 594 4800 Alanus
614 4763 675 4801 oum
692 4740 828 4817 Hauptio:
852 4763 963 4805 meones.

248 4826 278 4880 P.
299 4833 347 4881 234
365 4846 389 4881 v.
410 4833 450 4882 20.
486 4829 573 4898 Lege:
589 4837 749 4903 pariterque,
769 4834 829 4889 coll.
850 4833 903 4888 Cic.
925 4834 959 4890 de
977 4837 1038 4892 Div.
1056 4840 1083 4893 H
1102 4846 1141 4907 14,
1160 4847 1201 4895 33.
