3300 5950
255 825 367 873 xxxvi
552 808 554 813 '
689 803 968 858 PROLEGOMENA.

646 944 804 1026 Sidonius
823 972 929 1040 Epist.
948 973 968 1037 l,
989 979 1010 1025 1.

340 1077 389 1140 De
412 1076 456 1140 M.
480 1075 585 1138 Tullio
613 1074 707 1137 silere
734 1096 785 1137 me
812 1074 848 1136 in
876 1072 950 1136 stilo
977 1074 1143 1156 epistulari
1165 1075 1278 1139 melius
1300 1079 1396 1159 puto;

256 1184 349 1245 quem
371 1183 431 1225 nec
453 1160 554 1223 Iulius
573 1159 721 1222 Titianus
743 1161 848 1221 toturn
870 1158 929 1221 sub
951 1158 1134 1221 nominibus
1156 1159 1330 1223 illustrium
1351 1161 1396 1225 fe-

254 1248 414 1309 minarum
442 1245 541 1327 digna
574 1242 782 1306 similitudine
815 1242 980 1324 expressit.
1025 1242 1161 1325 Propter
1189 1244 1273 1326 quod
1305 1244 1396 1309 illurn

256 1332 352 1394 ceteri
387 1330 503 1412 quique
531 1327 839 1409 Frontonianorum,
877 1329 987 1409 utpote
1017 1331 1262 1391 consectaneum
1291 1351 1396 1393 aeniu-

254 1415 328 1496 lati,
359 1435 415 1477 cur
436 1416 638 1476 veternosum
661 1412 786 1474 dicendi
809 1432 912 1495 genus
942 1411 1138 1493 imitaretur,
1169 1416 1332 1476 oratorum
1355 1414 1396 1476 si-

254 1499 351 1562 miam
373 1499 652 1579 nuncupaverunt.

727 1597 819 1649 Idem
836 1596 882 1661 lV,
902 1604 925 1649 3.

338 1700 406 1763 Nec
429 1699 667 1762 Frontonianae
696 1698 865 1782 gravitatis
894 1700 950 1760 aut
971 1699 1120 1780 ponderis
1143 1698 1316 1781 Apuleiani
1338 1701 1395 1763 flu-

254 1807 329 1849 men
352 1785 565 1867 aequiparem.

703 1866 794 1920 mem
811 1866 886 1932 vui,
906 1872 945 1920 ro.

338 1969 382 2033 M.
400 1970 519 2032 Fronto
543 1991 614 2032 cum
636 1968 766 2051 reliquis
781 1968 979 2031 orationibus
1002 1969 1167 2050 emineret,
1191 1969 1226 2032 in
1241 1968 1394 2053 Pelopem

253 2077 287 2118 se
310 2055 370 2118 sibi
393 2054 555 2137 praetulit.

663 2135 848 2204 Eutropius
867 2135 941 2200 Vlll,
960 2141 984 2188 6.

337 2240 470 2303 Latinas
485 2239 630 2302 Marcum
644 2238 769 2301 litteras
783 2236 904 2301 Fronto
919 2240 1026 2300 orator
1040 2237 1258 2302 nobilissimus
1274 2240 1392 2303 docuit.

384 2373 576 2426 Martianus
595 2372 733 2440 Capella
751 2371 807 2425 lib.
828 2371 860 2424 V.
880 2371 958 2424 edit.
977 2371 1140 2439 Eyssenh.
1158 2390 1185 2441 p.
1208 2379 1263 2431 140.

337 2475 415 2538 Post
437 2474 495 2537 hos
517 2475 553 2536 in
575 2474 706 2537 diversis
730 2473 912 2557 agminibus
935 2476 1076 2536 oratores
1099 2474 1233 2557 emeriti,
1259 2497 1296 2538 ac
1317 2498 1395 2559 prae

252 2582 286 2623 se
308 2561 449 2623 serentes
477 2558 656 2642 insignium
685 2558 820 2621 culmen
839 2557 1016 2639 meritaque
1037 2556 1237 2642 linguarum,
1262 2559 1394 2623 Aeschi-

254 2666 343 2724 nem,
367 2643 542 2706 Isocratem
564 2642 755 2725 Lysiamque
777 2643 992 2724 conspiceres:
1014 2645 1085 2705 tum
1099 2643 1134 2705 in
1151 2644 1272 2727 togatis
1294 2645 1394 2727 agmi-

252 2729 347 2791 nibus
368 2726 548 2809 Sosantios,
574 2726 746 2808 Gracchos,
769 2725 942 2809 Regulum,
959 2724 1101 2789 Plinium
1123 2725 1392 2812 Frontonemque.

591 2860 617 2913 S.
637 2860 860 2928 Hieronymus
879 2859 975 2929 epist.
995 2859 1055 2913 XII.

338 2963 391 3027 Ad
412 2965 554 3027 mentem
576 2962 795 3045 edomandam,
825 2960 950 3025 cuidam
971 2962 1075 3044 fratri,
1100 2964 1154 3046 qui
1177 2986 1216 3027 ex
1238 2962 1417 3045 Hebraeis

253 3049 446 3130 crediderat,
477 3070 527 3112 me
554 3049 589 3111 in
612 3046 816 3129 disciplinam
838 3046 929 3128 dedi,
953 3049 990 3110 ut
1011 3051 1085 3130 post
1107 3047 1299 3122 Quintiliani
1322 3071 1394 3113 acu-

251 3134 350 3215 mina,
376 3133 538 3198 Ciceronis
560 3133 672 3195 fluvios
700 3132 956 3215 gravitatemque
977 3130 1149 3195 Frontonis
1173 3135 1205 3196 et
1226 3132 1392 3197 lenitatem

251 3217 370 3299 Plinii,
396 3216 601 3299 alphabetum
616 3217 771 3280 discerem
792 3218 825 3279 et
840 3216 1009 3279 stridentia
1026 3215 1275 3300 anhelantiaque
1296 3218 1394 3281 verba

252 3302 433 3366 meditarer.

404 3419 497 3472 Idem
519 3417 608 3471 libro
627 3417 665 3471 de
684 3416 773 3470 Viris
795 3409 994 3471 Illustribus
1012 3417 1046 3470 in
1063 3417 1240 3472 Melitone.

337 3519 449 3583 Melito
477 3520 634 3602 Asianus,
665 3518 831 3610 sardensis
855 3520 1038 3602 episcopuS,
1068 3519 1187 3583 librum
1208 3521 1394 3604 imperatori

252 3603 297 3666 M.
315 3605 484 3668 Antonino
499 3603 594 3684 Vero,
619 3604 674 3687 qui
689 3602 862 3667 Frontonis
884 3604 1020 3667 oratoris
1042 3605 1216 3688 discipulus
1237 3605 1311 3687 fuit,
1335 3627 1393 3688 pro

253 3687 436 3752 Christiano
460 3687 609 3771 dogmate
631 3686 727 3750 dedit.

455 3820 546 3874 Idem
563 3820 596 3872 in
615 3819 781 3874 Chronico
800 3821 842 3874 ad
861 3839 982 3875 annum
1001 3820 1073 3876 Chr.
1088 3822 1188 3876 CLXV.

337 3923 457 3986 Fronto
473 3926 579 3985 orator
594 3922 733 4006 insignis
748 3921 897 4007 habetur,
922 3924 976 4006 qui
993 3924 1037 3988 M.
1054 3927 1257 3989 Antoninum
1273 3917 1394 3990 Verum

252 4007 377 4070 Latinis
398 4006 517 4069 litteris
540 4007 686 4070 erudivit.

354 4139 577 4194 Cassiodorus
595 4140 629 4193 in
648 4139 815 4196 Chronico
834 4142 875 4196 ad
894 4159 1013 4196 annum
1031 4142 1157 4196 Christi
1176 4143 1290 4197 CLXIV.

335 4242 480 4306 Macrino
507 4245 540 4305 et
562 4242 653 4307 Celso
677 4264 779 4307 conss.
809 4243 930 4307 Fronto
952 4249 1060 4308 orator
1081 4245 1219 4328 insignis
1244 4246 1390 4329 habetur,

252 4326 306 4409 qui
328 4325 372 4388 M.
397 4327 601 4390 Antoninum
623 4327 748 4391 Latinis
770 4328 888 4391 litteris
911 4329 1055 4392 erudivit.

336 4560 426 4625 Haec
450 4562 542 4626 affert
563 4562 679 4626 Maius.
725 4562 809 4637 Quos
832 4567 998 4646 praeterea
1025 4563 1135 4626 laudat
1162 4564 1247 4628 locos
1271 4567 1425 4640 0111110ι
1493 4552 1499 4564 ⁹

251 4644 388 4708 Firmico
416 4648 448 4709 et
475 4646 596 4710 Ioanne
625 4647 876 4728 Saresberiensi,
911 4669 977 4710 non
1005 4670 1084 4730 opus
1110 4648 1174 4711 fuit
1202 4650 1391 4734 describere,

250 4729 325 4812 quia
347 4729 401 4793 ille
423 4731 462 4793 de
486 4731 548 4793 alio
569 4730 732 4795 Frontone
754 4731 906 4814 loquitur,
930 4730 983 4794 hic
1006 4731 1129 4796 diversa
1151 4734 1275 4799 miscet.
