3300 5950
612 789 661 843 An
679 788 900 844 Aurouumu
917 790 1014 844 erun.
1243 729 1252 754 ¹
1323 792 1383 858 165

241 963 433 1047 postulem¹3
461 962 627 1025 immemor
650 961 820 1044 amicitiae,
844 962 907 1024 nisi
931 961 1064 1025 saltem²
1086 961 1382 1046 deprecando'sub-

240 1064 351 1128 levem.

325 1166 401 1230 Fuit
423 1167 492 1231 sine
514 1167 610 1231 dubio
631 1166 734 1251 Niger
754 1165 926 1231 Censorius
947 1166 1116 1230 verborum
1139 1188 1267 1230 suorum
1289 1168 1382 1251 inpos
1418 1154 1429 1166 ’

241 1273 274 1334 ct
294 1270 401 1333 minus
430 1269 664 1351 consideratus,
693 1269 748 1332 sed
775 1268 860 1332 idem
880 1266 1055 1331 multarum
1077 1270 1203 1331 rerum3
1225 1270 1313 1353 frugi
1335 1270 1383 1333 vir

241 1376 273 1436 et
299 1372 392 1435 fortis
422 1374 454 1434 et
480 1372 667 1434 innocensss.
709 1370 797 1433 Tuae
825 1368 1014 1434 clementiae
1037 1373 1101 1452 est,
1131 1371 1224 1455 Imp,
1253 1370 1382 1434 unicam

240 1474 380 1537 hominis
403 1472 573 1536 verborum
597 1471 724 1556 culpam
747 1494 818 1537 curn
848 1472 961 1535 ceteris
990 1472 1057 1535 eius
1079 1475 1166 1536 recte
1186 1473 1282 1537 factis
1304 1495 1382 1556 pon-

240 1576 360 1639 derare.

227 1662 229 1668 ,
323 1676 395 1761 ugo
430 1676 557 1760 quidem
586 1697 659 1739 cum
690 1675 730 1739 ad
759 1674 934 1739 amicitiam
964 1674 1032 1738 eius
1061 1676 1196 1757 accessi,
1232 1698 1282 1739 a.
1308 1727 1314 1739 .
1341 1725 1347 1739 .
1374 1726 1380 1739 .

239 1801 324 1843 crem
340 1800 357 1842 c
375 1829 407 1841 ..
435 1830 440 1842 .
467 1829 473 1841 .
497 1779 549 1840 m⁴¹
573 1780 704 1841 strenua
727 1799 824 1861 opera
840 1776 925 1839 domi
944 1775 1082 1861 bellique
1104 1779 1348 1860 promeruerant
1356 1778 1378 1841 ⁵.

238 1880 284 1945 Ut
307 1883 427 1944 ceteros
450 1880 518 1943 eius
541 1880 659 1942 amicos
681 1878 845 1962 omittam,
874 1877 1018 1942 Turboni
1040 1878 1182 1942 Marciol
1210 1882 1243 1943 et
1264 1879 1381 1943 Erucio

239 1981 351 2046 Olar0⁷
382 1984 451 2045 erat
471 1980 756 2045 familiarissimus:
785 1981 840 2065 qui
863 1980 945 2044 duos
969 1981 1079 2065 egregi
1102 1980 1163 2044 viri
1185 1979 1267 2043 alter
1289 2004 1381 2065 eque-

239 2084 324 2165 stria,
349 2081 430 2146 alter
445 2081 618 2146 senatoriil
640 2083 760 2146 ordinis
782 2081 916 2165 primari
936 2082 1078 2146 fuerunt.
1110 2082 1226 2146 Postea
1246 2104 1320 2146 vero
1344 2105 1382 2146 ex

237 2185 302 2249 tuis
335 2184 432 2247 etiam
464 2182 589 2247 iudiciis
623 2184 651 2247 ei
684 2183 857 2268 plurimum
890 2186 922 2247 et
955 2183 1086 2247 honoris
1121 2188 1153 2247 ct
1180 2185 1381 2248 auctoritatis

239 2288 425 2350 accesserat.
471 2283 559 2348 Talis
582 2306 642 2368 ego
664 2285 723 2349 viri
752 2285 928 2349 amicitiam
951 2284 1101 2368 adpetivi.

322 2387 418 2451 Haud
440 2389 539 2451 sciam
550 2387 574 2427 ¹⁰
603 2410 644 2450 an
672 2387 727 2470 qui
755 2386 842 2449 dicat
870 2386 1015 2450 debuisse
1037 2409 1088 2450 me
1111 2387 1286 2451 amicitiam
1309 2411 1381 2452 cum

238 2511 274 2553 eo
296 2489 440 2553 desinere
450 2489 484 2572 ¹‚¹,
508 2492 678 2572 postquam
706 2509 921 2573 cognoveram
942 2488 1082 2571 gratiam
1110 2489 1177 2552 eius
1205 2490 1290 2574 apud
1312 2491 1379 2554 ani-

236 2614 324 2654 mum
345 2593 436 2654 tuum
458 2591 670 2654 imminutam.

320 2692 503 2776 Numquam
530 2692 576 2756 ita
599 2692 759 2756 animatus
781 2692 845 2774 fui,
874 2692 975 2775 Imp,
1005 2695 1041 2756 ut
1070 2696 1198 2776 coeptas
1226 2692 1262 2755 in
1284 2693 1379 2756 rebus

235 2794 396 2880 prosperis
419 2794 593 2878 amicitias,
618 2794 644 2857 si
667 2793 743 2878 quid
766 2794 890 2857 adversi
911 2793 1142 2878 increpuisset,
1167 2794 1377 2859 desereremb.

235 2898 280 2961 Et
295 2896 441 2980 omnino3
465 2917 521 2959 cur
536 2895 621 2959 enim
641 2917 706 2958 non
723 2894 918 2957 sententiam
934 2895 1155 2979 1¹²animimei
1170 2896 1378 2980 expromam?
1450 2906 1454 2912 “

237 3037 438 3046 ‚-—-—..—-—-

320 3133 337 3169 a
354 3120 388 3168 In
405 3119 531 3182 marpine:
549 3113 707 3167 Verborum
717 3112 799 3182 inpos
817 3114 846 3166 et
857 3113 948 3168 minus
966 3113 1167 3181 consideratus,
1184 3115 1271 3183 frugi,
1289 3115 1376 3180 fortis,

234 3202 373 3255 innocens.

319 3285 337 3337 b
356 3289 389 3337 In
407 3288 532 3352 marpine:
550 3283 707 3350 Numquam
725 3315 758 3322 —
777 3283 940 3338 desererem.

321 3498 332 3542 l
353 3488 420 3543 cod.
439 3506 481 3557 pr.
499 3504 536 3540 m.
555 3493 686 3555 postulem.

318 3581 333 3626 2
352 3572 418 3627 dod.
437 3591 478 3642 pr.
498 3590 534 3625 m.
553 3579 665 3626 salutem.

318 3667 333 3713 3
351 3658 395 3712 Ad
412 3658 448 3711 M.
469 3656 545 3712 Caes.
564 3657 585 3710 I.
605 3663 633 3711 8:
652 3663 756 3711 omnium
773 3677 858 3710 rerum
873 3676 959 3711 sanus.
991 3654 1068 3720 Quae
1085 3655 1202 3725 perinde
1220 3657 1295 3711 dicta
1313 3660 1376 3712 sunt

233 3746 318 3813 atque
337 3761 380 3812 ap.
402 3741 456 3797 (lid.
475 3757 527 3811 pro
546 3740 638 3806 Quint.
658 3749 685 3796 3:
713 3740 857 3796 ceterarum
871 3760 955 3794 remim
970 3747 1160 3809 paterfamilias
1177 3752 1204 3795 et
1220 3748 1332 3810 prudens
1351 3754 1375 3796 et

233 3839 352 3883 attentus.
387 3826 458 3881 Vide
476 3827 587 3882 Hotom.
608 3825 723 3880 Observ.
742 3826 788 3880 IV.
809 3831 849 3880 11.
875 3827 973 3880 Graev.
994 3826 1030 3880 ad
1048 3825 1101 3880 Oic.
1122 3825 1156 3880 de
1175 3825 1236 3880 Sen.
1251 3834 1274 3880 Ξ.
1298 3832 1374 3881 Butt-

231 3932 344 3968 rucanas,

316 4004 333 4051 4
351 3997 487 4050 Accurate
507 3994 571 4049 dedi
589 3993 698 4050 Codicis
715 3994 877 4061 lectionem3
896 3994 977 4050 aliter
988 3995 1086 4050 Maius.
1116 3995 1292 4050 Heindorfius
1304 3997 1374 4051 sciro

233 4098 288 4135 non
305 4082 418 4151 poterat
436 4080 498 4134 octo
517 4080 626 4133 tantum
643 4079 750 4134 litteras
767 4080 890 4149 periisse.

317 4173 333 4220 5
352 4165 417 4220 Cod.
436 4183 479 4234 pr.
497 4183 533 4218 m.
551 4175 752 4233 promeruerunt.

317 4257 333 4304 6
352 4250 391 4305 cf.
409 4249 489 4304 Dion.
510 4249 583 4303 Cass.
603 4254 643 4303 69.
666 4253 704 4302 18.
741 4248 880 4318 spartian.
900 4249 985 4304 Hadr.
1004 4254 1027 4302 5.
1065 4253 1158 4303 Maius.

318 4335 391 4390 ref.
410 4334 491 4388 Dion.
510 4334 585 4388 Cass.
605 4339 644 4388 68.
666 4340 707 4388 30.
736 4333 805 4387 Plin.
825 4333 876 4403 Ep.
896 4334 929 4388 lI.
949 4340 973 4387 9.
1004 4333 1073 4389 Gell.
1092 4333 1172 4388 Noct.
1191 4335 1250 4388 Att.
1269 4335 1328 4389 VII.
1348 4342 1372 4390 6.

234 4427 264 4473 12
282 4420 354 4473 XIII.
375 4425 415 4474 18.
434 4425 458 4472 2.
493 4423 588 4473 Maius.

316 4510 332 4558 8
351 4503 417 4558 Cod.
436 4520 477 4571 pr.
496 4520 533 4557 m.
556 4509 626 4558 duos.
1302 4548 1306 4557 .

316 4596 331 4643 9
350 4587 416 4642 Cod.
435 4587 545 4641 videtur
562 4586 667 4642 habere
685 4593 806 4652 senatori,
825 4587 875 4642 sed
891 4588 1034 4656 postrema
1050 4586 1145 4641 littera
1161 4587 1269 4642 incerta
1287 4590 1336 4643 est.

300 4680 331 4726 10
349 4671 406 4725 Ser.
424 4678 488 4726 scio.
522 4677 695 4740 Heindorfiua.

300 4764 330 4810 11
350 4756 417 4810 Cod.
437 4761 556 4811 desinire.

302 4849 331 4896 12
350 4840 451 4910 Incipit
469 4840 535 4896 Cod.
554 4860 581 4911 p.
601 4847 659 4910 355,
677 4841 753 4897 cuius
770 4842 909 4912 scriptura
926 4841 1044 4897 difficilis
1059 4842 1133 4897 lectu
1150 4844 1201 4898 est
1273 4903 1277 4910 ⁸
