3300 5950
458 750 507 805 AD
525 750 561 805 M.
577 748 768 806 CAESAREM
781 750 833 822 'ET
851 750 1003 806 INVICEM
1020 750 1129 805 LIBER
1145 750 1206 804 1111.
1367 751 1406 815 71

531 989 635 1055 vlll.
668 990 841 1072 Magistro
863 989 938 1054 Meo
962 986 1136 1056 Salutem.
1189 989 1192 996 ’

349 1126 533 1190 Adventum
565 1129 657 1189 tuum
690 1126 768 1190 mihi
801 1126 904 1189 frater
931 1129 1005 1189 tuus
1033 1147 1137 1208 nuper
1170 1126 1404 1204 εὐηγγελίεατο.

266 1228 365 1312 Cupio
392 1228 572 1292 mehercule
598 1228 701 1311 possis
728 1221 853 1309 venire,
889 1228 972 1311 quod
1000 1227 1102 1290 salute
1128 1230 1185 1290 tua
1212 1228 1283 1291 fiat:
1314 1251 1406 1311 spero

264 1330 350 1394 enim
370 1332 449 1411 fore,
479 1334 516 1393 ut
538 1330 634 1394 etiam
656 1330 833 1393 valetudini
854 1351 944 1392 meae
972 1332 1161 1411 conspectus
1185 1331 1259 1392 tuus
1288 1317 1407 1413 aliquid

264 1433 423 1495 conferat:
452 1434 501 1498 Εἰ(
523 1434 638 1512 ὄμματ’
666 1433 763 1497 εὔνου
786 1433 899 1512 φωτὸς
921 1432 1077 1511 ἐμβλέψαι
1103 1431 1212 1509 γλυκύ,
1240 1432 1406 1510 Εὐριπίδης

264 1533 325 1596 ait'
351 1534 473 1617 opinor.
508 1534 580 1618 Ego
602 1533 912 1617 inpraesentiarum²
935 1533 981 1595 sic
996 1553 1046 1595 me
1061 1532 1174 1614 habeo,
1199 1536 1235 1595 ut
1257 1533 1307 1596 vel
1329 1534 1406 1597 hinc

264 1636 435 1698 aestimatu
456 1636 551 1699 facile
579 1636 621 1699 sit
649 1636 720 1717 tibi,
751 1634 835 1718 quod
861 1634 941 1698 haec
969 1636 1136 1717 praecaria
1163 1657 1261 1698 manu
1289 1635 1404 1698 scribo.

264 1736 347 1800 Sane
369 1738 496 1820 quidem
518 1737 602 1821 quod
624 1738 664 1800 ad
686 1737 769 1801 vires
792 1736 927 1819 adtinet7
951 1736 1112 1819 incipiunt
1126 1737 1244 1799 redire:
1267 1736 1406 1819 pectoris
1435 1720 1443 1731 ’

143 1813 156 1826 ’
262 1840 359 1902 etiam
382 1838 471 1902 dolor
485 1839 592 1903 nullus
607 1829 767 1921 residuus3
789 1837 880 1901 ulcus
896 1841 1002 1901 autern
1017 1837 1096 1900 illud
1111 1838 1406 1932 sanemarium

261 1944 317 2018 τῆ(
340 1941 498 2019 sumptae.
528 1940 595 2005 Nos
618 1940 758 2003 remedia
780 1940 961 2023 experimur
983 1943 1016 2003 et
1037 1940 1157 2022 nequid
1178 1961 1273 2021 opere
1295 1943 1405 2003 nostro

262 2041 400 2125 claudat
425 2041 646 2126 advigilamus,
671 2042 695 2125 ll
710 2041 822 2125 Neque
846 2042 933 2105 enim
954 2040 1020 2104 ulla
1042 2041 1104 2104 alia
1132 2063 1166 2104 re
1186 2040 1405 2123 tolerabiliora

261 2143 413 2206 diutuma
435 2144 637 2207 incommoda
658 2143 729 2207 fieri
757 2144 872 2227 sentia,
903 2165 998 2227 quam
1022 2143 1219 2206 conscientia
1242 2164 1337 2205 curae
1359 2143 1403 2206 di·
1484 2182 1487 2187 -

260 2245 391 2328 ligentis
415 2249 446 2308 et
471 2245 703 2328 temperantiae
731 2246 863 2308 medicis
890 2244 1105 2328 obsequentis.
1150 2244 1257 2327 Turpe
1270 2264 1271 2267 ’
1286 2244 1403 2327 alioqui

259 2347 358 2409 fuerit
385 2347 504 2410 diutius
531 2346 645 2410 vitium
674 2348 813 2430 corporis
842 2368 937 2429 quam
964 2346 1064 2409 animi
1090 2346 1230 2408 studium
1258 2347 1297 2409 ad
1325 2347 1402 2410 reci-

259 2450 434 2530 perandam
462 2449 634 2512 sanitatem
666 2470 758 2531 posse
793 2449 919 2512 durare.
972 2447 1067 2530 Vale,
1103 2448 1147 2511 mi
1175 2446 1403 2512 iucundissime

259 2549 422 2634 magister.
468 2549 594 2615 Salutat
615 2553 647 2613 te
669 2553 773 2614 mater
794 2572 875 2613 mea.
898 2565 900 2568 ·

633 2718 701 2786 ΙΧ.
739 2719 890 2784 Domino
912 2719 1018 2784 IIco⁵.

343 2855 463 2938 Accepi
485 2855 610 2919 litteras
631 2858 704 2919 tuas
727 2855 965 2939 elegantissime
988 2828 1135 2938 scriptas,
1159 2855 1274 2938 quibus
1294 2857 1331 2918 tu
1353 2857 1400 2919 in-

257 2956 391 3021 tervallo
414 2957 604 3022 desidorium
630 2957 812 3022 litterarum
834 2980 977 3021 mearum
999 2957 1146 3022 obortum
1168 2956 1229 3021 tibi
1251 2980 1318 3021 esse
1342 2958 1398 3021 ais,

258 3059 318 3122 Est
345 3059 447 3142 igitur
474 3081 549 3123 vera
576 3059 701 3124 Socrati
734 3060 859 3143 opinio,
894 3059 1054 3123 doloribus
1086 3059 1186 3122 ferme
1220 3059 1400 3142 voluptates

259 3173 415 3224 conexas³
437 3183 520 3244 esse,
552 3184 624 3225 cum
649 3162 683 3225 in
708 3183 833 3225 carcere
856 3162 997 3225 dolorem
1019 3161 1185 3242 constricti
1208 3161 1325 3224 vinculi
1349 3183 1399 3224 vo-

257 3262 380 3345 luptate
402 3263 534 3326 resoluti
558 3266 778 3346 conpensaret.
807 3263 891 3326 Item
905 3263 1049 3346 profecto
1070 3263 1106 3326 in
1128 3262 1220 3325 nobis
1242 3265 1399 3345 quantum

256 3364 419 3427 molestiae
443 3365 599 3446 absentia,
627 3368 755 3428 tantum
784 3366 938 3429 commodi
969 3364 1073 3428 adfert
1106 3364 1296 3428 desiderium
1322 3365 1398 3427 inri-

256 3467 369 3528 tatum.
414 3465 499 3530 Nam
530 3467 720 3530 desiderium
753 3488 790 3530 ex
828 3489 934 3530 amore
968 3469 1026 3530 est.
1071 3465 1177 3549 Igitur
1205 3487 1293 3530 amor
1327 3488 1398 3529 cum

255 3567 409 3630 desiderio
432 3571 545 3632 auctus
568 3572 626 3651 est,
657 3570 740 3651 quod
763 3568 831 3631 esu
858 3569 892 3631 in
914 3568 1056 3633 amicitia
1070 3558 1202 3630 ¹mrdto7
1229 3568 1395 3650 optimum.

255 3669 337 3731 Tum
360 3670 443 3753 quod
465 3671 591 3753 quaeris
620 3670 658 3733 de
680 3671 864 3734 valetudine
886 3693 968 3752 mea,
998 3670 1062 3733 iam
1089 3670 1178 3752 prius
1206 3669 1396 3751 scripseram

254 3771 324 3852 tibi,
354 3794 404 3835 me
427 3773 547 3836 umeri8
576 3772 682 3836 dolore
712 3775 867 3835 vexatum
888 3772 935 3834 ita
962 3772 1167 3835 vehementer
1194 3770 1331 3854 qrridem,
1361 3773 1397 3834 ut
1501 3814 1504 3823 ,

339 3957 355 3994 a
375 3944 406 3992 ln
424 3947 548 4010 nrorpine:
568 3941 676 3996 Socrati
694 3941 787 4012 opinio
805 3941 848 3995 est
867 3940 1009 3994 doloribus
1026 3940 1183 4008 voluptates
1196 3957 1254 3994 csse
1267 3957 1394 3994 conexas

339 4132 350 4178 1
372 4125 437 4180 Cod.
458 4128 608 4186 secrmdum
624 4128 742 4182 Maium:
766 4130 945 4195 ἑμβλὲψεται,
965 4129 1026 4194 Εὐρ,
1045 4139 1071 4180 ut
1089 4147 1130 4194 op.
1168 4126 1294 4179 Correxit
1312 4126 1395 4180 Scho-

252 4228 347 4279 peuus.
386 4212 425 4265 Cf.
445 4214 509 4266 Eur.
530 4214 587 4266 Ion.
608 4220 664 4267 732.

337 4304 352 4349 2
371 4297 546 4351 Vocabulum
563 4297 714 4366 repetitum
730 4296 759 4349 in
777 4297 912 4365 margine.

336 4390 351 4436 3
370 4384 413 4436 Ita
429 4382 518 4435 Maius
536 4381 589 4435 sibi
606 4383 701 4450 legere
718 4381 794 4434 visus
812 4384 862 4435 cst.
898 4382 1027 4435 Fortasse
1045 4383 1241 4448 ἀπεξήρανται.

335 4474 351 4519 4
369 4466 469 4534 Incipit
487 4466 553 4525 Cod.
572 4466 635 4519 vat.
655 4484 682 4534 p.
698 4471 752 4519 183.

336 4559 351 4604 5
369 4552 401 4603 in
419 4550 513 4603 Indice
530 4549 603 4604 haeo
617 4549 735 4618 epistola
754 4550 899 4604 omittitur.

335 4634 439 4687 oAdd.
459 4652 511 4688 sec.
530 4653 566 4687 m.

336 4725 349 4771 7
369 4718 435 4770 eod.
454 4737 495 4786 pr.
515 4737 551 4770 m.
570 4726 654 4775 oridia.

334 4809 349 4855 8
367 4802 457 4856 Maius
474 4803 552 4857 iubet
570 4805 688 4860 conferri
705 4804 849 4876 Eutychen
866 4823 910 4874 ap.
930 4806 1040 4859 Putsch.
1059 4824 1086 4875 p.
1101 4811 1176 4860 2312.
