3300 5950
267 754 326 820 152
475 753 511 805 Μ.
526 751 695 822 CORNELII
713 750 920 805 Fnouronrs
938 749 1193 803 EPISTULARUM

265 926 329 989 tius
358 922 563 1008 significabo:
595 924 635 987 τὰ
662 923 754 987 καινὰ
782 922 848 986 καὶ1
880 922 1047 1001 παράδοξα
1080 925 1146 987 τῶν
1180 922 1407 1001 ἐνθυμημάτων

266 1026 519 1091 εἰ..πεαύτὰ
548 1028 970 1103 πλα...πεηπιθαν..
998 1024 1098 1087 δὲτὸ
1127 1025 1266 1088 οι..τὶ
1295 1026 1405 1088 καὶ..

267 1150 344 1194 πειπ
372 1178 378 1190 .
407 1178 413 1190 .
459 1125 529 1189 Hoc
559 1147 618 1209 ego
648 1126 735 1189 anim
764 1176 771 1189 .
797 1175 804 1188 .
834 1124 933 1188 nullis
960 1125 1140 1189 rationibus
1170 1175 1176 1189 .
1202 1175 1208 1187 .
1244 1125 1343 1188 libera
1368 1176 1374 1187 .
1401 1177 1407 1189 .

266 1252 367 1293 rarus.
413 1227 501 1293 Scias
530 1227 631 1310 igitur
657 1227 692 1290 in
720 1225 781 1290 hoc
808 1249 872 1289 uno
895 1226 1061 1290 eximiam²
1084 1226 1297 1310 eloquentiam
1319 1230 1408 1290 tuam

269 1332 425 1395 claudere.
1424 1413 1427 1417 Δ

351 1431 467 1496 Moneo
489 1431 590 1515 igitur
612 1430 757 1495 Marcum
784 1453 890 1494 meum
920 1430 1018 1493 etiam
1047 1433 1142 1513 atque
1171 1431 1283 1513 etiam,
1313 1435 1345 1495 et
1374 1434 1410 1494 ut

163 1619 165 1624 ,
268 1533 451 1597 meminerit
493 1532 639 1614 obsecre,
685 1532 969 1615 quotienscumque
1013 1533 1209 1613 ἀδοξότερον
1248 1534 1409 1613 ἐνθύμημα

267 1635 374 1699 animo
409 1633 619 1716 conceperis,·
644 1632 751 1697 volvas
780 1632 877 1716 illud,
897 1633 1029 1698 vtemet³
1062 1634 1194 1698 diversis
1228 1637 1261 1697 et
1293 1636 1409 1697 variisl

267 1736 513 1820 figurationibus
536 1757 642 1799 verses
669 1737 870 1818 temptesque
892 1738 925 1797 et
946 1735 1051 1798 verbis
1074 1735 1249 1817 splendidis
1272 1736 1407 1799 excolas.

267 1838 352 1902 Nam
375 1859 455 1921 quae
477 1858 560 1900 nova
583 1839 615 1900 et
636 1836 805 1919 inopinata
827 1836 1031 1900 audientibus
1052 1841 1138 1920 sunt,
1162 1838 1339 1921 periculum
1361 1840 1410 1901 est
1493 1850 1496 1855 '

268 1939 330 2002 nisi
352 1941 509 2001 ornentur
532 1941 564 2002 et
585 1939 781 2022 figurentur,
804 1959 846 2001 ne
867 1938 1038 2001 videantur
1060 1939 1228 2002 absurdab.

353 2039 468 2104 Cetera
496 2040 604 2103 omnia
630 2038 690 2102 tibi
717 2039 752 2102 in
781 2038 963 2122 eloquentia
991 2038 1131 2121 expolita
1158 2041 1209 2103 et⁵
1238 2041 1411 2123 explanata
1517 2036 1521 2040 ’

268 2143 353 2204 sunt.
400 2139 469 2205 Scis
491 2140 588 2205 verba
610 2162 777 2224 quaerere,
807 2140 870 2203 scis
891 2143 1019 2223 reperta
1040 2144 1127 2204 recte
1151 2141 1318 2225 collocare,
1348 2143 1411 2205 scis

270 2242 405 2306 colorem
428 2242 588 2306 sincerum
610 2242 779 2306 vetustatis
802 2241 1007 2326 appingere⁰,
1031 2242 1201 2306 sententiis
1217 2246 1324 2307 autem
1339 2266 1410 2328 gra-

260 2343 406 2431 ¹vissimis
441 2346 474 2408 et
500 2342 734 2407 honestissimis
763 2342 946 2407 abundarel
970 2393 1140 2407 ......
1168 2346 1309 2429 prii⁷ma
1338 2368 1410 2409 con-

270 2445 347 2507 ditio
371 2447 434 2527 est3
463 2444 518 2507 ubi
541 2444 639 2508 semel
661 2444 863 2528 patefactae8
886 2448 978 2528 sunt,
1007 2445 1102 2509 facile
1131 2447 1280 2530 cognitae
1302 2448 1411 2531 negle-

270 2549 401 2631 guntur.
446 2545 616 2610 Contemni
645 2546 780 2629 denique
808 2548 841 2610 et
867 2546 956 2609 nullo
983 2545 1104 2611 honore
1127 2569 1195 2612 esse
1217 2546 1346 2612 rhetora
1368 2549 1411 2611 vi-

271 2649 360 2731 deas3
384 2648 542 2712 observari
560 2652 667 2712 autem
683 2651 716 2711 et
730 2647 878 2712 omuibus
893 2647 1008 2711 officiis
1027 2647 1087 2712 coli
1110 2648 1305 2733 dialecticos
1329 2651 1412 2727 quod

269 2750 304 2813 in
328 2771 435 2812 eorum
458 2750 636 2813 rationibus
658 2771 783 2832 semper
797 2749 924 2813 obscuri
943 2749 1062 2833 aliquid
1078 2752 1110 2813 et
1123 2750 1290 2834 tortuosil,
1314 2773 1412 2834 eoque

272 2852 309 2914 fit
335 2853 373 2914 ut
399 2851 555 2934 magistro
584 2851 759 2935 discipulus
781 2850 914 2915 haereat
936 2872 1061 2934 semper
1090 2854 1123 2915 et
1144 2852 1314 2935 inserviat,
1344 2853 1412 2917 vin-

272 2955 342 3017 ctus
364 2952 527 3037 perpetuis
549 2953 739 3037 quibusdam
760 2952 898 3017 vinculis
921 2953 1106 3018 attineatur.

356 3055 451 3118 Dicet
479 3055 608 3138 aliquis:
645 3057 681 3118 tu
708 3055 810 3140 igitur
837 3057 966 3138 praeter
989 3058 1111 3118 ceteros
1132 3055 1284 3120 nimirum
1308 3058 1413 3120 verbis

271 3156 415 3240 pulchris
437 3159 470 3219 et
491 3156 673 3240 insignibus
695 3157 795 3220 uteris
805 3157 854 3219 ¹⁰?
876 3145 936 3240 ego
951 3157 1048 3220 immo
1063 3156 1246 3240 volgaribus
1269 3161 1302 3221 et
1323 3159 1412 3222 obso-

271 3257 355 3321 letis.
401 3254 483 3330 Quid
511 3257 612 3340 igitur
639 3257 711 3321 est?
743 3257 807 3321 nisi
835 3257 921 3322 istud
949 3258 1063 3322 saltem
1091 3259 1221 3342 scirem,
1251 3260 1412 3323 deteriori-

272 3358 331 3420 bus
353 3360 469 3422 uterer.
888 3360 891 3367 ’

357 3562 374 3597 a
393 3548 426 3597 In
443 3548 567 3612 meryine:
592 3542 670 3596 Mire.

357 3629 375 3681 b
394 3633 428 3682 In
445 3634 570 3696 maraine:
588 3628 660 3681 Nam
678 3660 711 3667 —
729 3628 858 3683 absurda.

359 3730 373 3766 c
392 3717 425 3766 ln
442 3719 569 3781 mareiae:
588 3712 716 3768 Colorem
734 3743 766 3752 -
784 3712 946 3782 appingere.

360 3873 373 3919 1
391 3865 480 3919 Maius
502 3865 572 3933 legit
593 3867 636 3918 τά.
674 3864 774 3920 Cetera
795 3881 883 3932 usque
904 3865 941 3920 ad
959 3872 1077 3920 claudere
1095 3866 1226 3921 interiere
1245 3886 1334 3937 neque
1353 3887 1414 3923 een-

275 3952 348 4005 ferre
365 3949 452 4004 licuit.

359 4042 374 4088 2
394 4034 460 4089 Cod.
479 4034 589 4089 videtur
607 4040 721 4088 eximam.
747 4034 875 4089 Correxit
891 4034 1068 4089 Niebuhrius.

358 4120 435 4175 ann
456 4127 541 4174 volves
563 4125 626 4174 illud
647 4131 733 4178 tecum.
769 4125 943 4185 Heindorfiue.
980 4119 1127 4188 Ingeniose
1153 4121 1302 4191 Hauptius:
1332 4131 1415 4178 voleus

273 4212 336 4260 illud
351 4203 503 4259 identidem
522 4205 551 4257 et
568 4210 683 4259 diversis.

358 4296 374 4343 4
392 4278 608 4344 Duo'voeabula
626 4307 670 4358 ap.
689 4287 794 4347 Maium
811 4289 946 4344 excidere.

361 4380 376 4427 5
394 4373 513 4441 Reliqua
531 4373 656 4427 evanida.
692 4373 861 4428 Niebuhrius
877 4375 984 4428 mavult
1001 4380 1133 4443 expedita.

360 4466 375 4511 6
394 4458 597 4512 Berolineuses:
615 4451 756 4512 abundas

360 4550 373 4597 7
393 4543 493 4612 Incipit
511 4541 577 4596 Cod.
596 4560 622 4611 p.
642 4549 700 4597 376.

360 4634 376 4680 8
394 4629 437 4681 lta
456 4627 560 4692 Codex;
578 4628 660 4681 aliter
677 4627 773 4682 Maius.

361 4719 376 4765 9
394 4712 479 4766 Deest
498 4711 528 4765 iu
546 4711 647 4766 Codice
663 4718 705 4770 sit.

345 4805 376 4852 10
395 4796 500 4851 Codex:
519 4808 598 4860 areas,
619 4796 694 4865 quod
712 4797 833 4852 correxit
850 4797 1025 4853 Niebuhrius.
