3300 5950
604 819 653 871 ru
672 817 892 873 nurommm
909 818 1006 873 erum
1031 802 1034 807 '

677 1021 933 1076 EPISTULARUM

472 1214 477 1219 ,
527 1144 594 1208 AD
622 1142 934 1209 ANTONINUM
961 1143 1087 1208 PIUM

744 1279 866 1334 INDEX.

237 1422 250 1467 1
272 1416 306 1469 Ut
324 1415 484 1482 meministi,
506 1415 616 1482 Caesar,
635 1432 697 1469 cunr
714 1414 774 1469 tibi.
838 1420 852 1468 7
872 1416 1013 1484 Oml¹nem
1033 1431 1147 1484 operam
1165 1432 1210 1469 me

236 1498 483 1563 2Quanta....
838 1504 854 1551 8
874 1541 1147 1554 ...........
1156 1540 1158 1542 >
1170 1544 1361 1558 ........
1369 1501 1434 1535 ²⁸

236 1592 251 1637 3
269 1584 297 1637 Si
316 1586 426 1639 evenire
443 1587 537 1654 posset
554 1586 620 1654 imp.
838 1590 854 1638 9
872 1584 975 1653 Accepi
994 1584 1105 1640 Caesar.

234 1675 250 1721 4
269 1669 365 1723 Curius
383 1671 457 1724 vitae
476 1687 555 1725 meae
574 1678 663 1740 parte.
823 1676 855 1723 10
873 1669 1021 1742 Castricius
1037 1673 1140 1726 noster.

235 1761 251 1807 ὁ
269 1754 338 1807 Cum
355 1755 427 1808 bene
444 1757 613 1825 perspectas.
824 1761 854 1809 11
872 1755 992 1824 Legem,
1009 1755 1057 1822 fili,
1074 1756 1203 1812 libenter.

236 1847 251 1892 6
270 1838 339 1892 Cum
357 1841 533 1908 gravitatem.
824 1846 856 1893 12
872 1839 987 1907 Fecisti,
1005 1842 1093 1895 frater
1111 1841 1266 1896 Contucci³.

451 2045 522 2130 (M.
546 2048 817 2132 CORNELII
846 2047 1166 2132 FRONTONIS

388 2200 650 2275 EPISTULAE
676 2203 742 2275 AD
768 2201 1059 2276 ANTONINUM
1084 2204 1229 2297 PIUM.)

328 2352 359 2416 1.
404 2353 622 2435 Imperatori
645 2350 827 2418 Antonino
848 2352 915 2418 Pio
938 2351 1101 2435 Augusto
1123 2354 1290 2421 Fronto⁴.

323 2489 368 2553 Ut
390 2490 582 2570 meministi,
612 2489 746 2573 Caesar,
778 2512 850 2553 cum
877 2488 936 2553 tibi
967 2490 1003 2552 in
1025 2493 1139 2553 senatu
1162 2492 1284 2575 gratias
1308 2514 1381 2576 age-

239 2593 335 2673 remi,
367 2592 521 2655 desiderio
550 2591 686 2675 quodam
710 2642 717 2655 .
744 2642 750 2656 .
777 2642 784 2655 .
814 2614 895 2676 quae
919 2592 1051 2655 distuler
1076 2643 1082 2655 .
1108 2643 1114 2655 .
1139 2592 1217 2655 dicit
1241 2644 1247 2656 .
1274 2644 1281 2656 .
1305 2616 1382 2657 nere

239 2696 351 2756 senatu
366 2694 565 2777 frequentior
579 2700 740 2757 intusum.
771 2693 856 2757 Nam
874 2745 880 2758 .
899 2744 906 2757 .
923 2692 1048 2758 litteras
1071 2717 1151 2778 quae
1174 2716 1209 2759 co
1231 2696 1281 2758 die
1304 2696 1382 2759 reei-

237 2795 391 2858 tabantur
415 2845 421 2859 .
449 2846 455 2859 .
480 2799 528 2860 tes
553 2846 559 2858 .
586 2847 592 2859 .
616 2796 744 2859 librum.
790 2795 947 2859 Dominus
972 2846 978 2857 .
1005 2797 1034 2858 ,ὓ
1078 2795 1166 2860 Bene
1189 2796 1268 2860 vale.

433 2965 486 3030 ΙΙ.
530 2965 575 3030 II.
589 2965 774 3031 'Frontoni
798 2961 1003 3030 Antoninus
1026 2925 1186 3031 Caesart

324 3100 452 3175 Quanta
476 3150 482 3163 .
510 3102 537 3163 ,⁸
559 3123 610 3164 me
631 3104 687 3164 tuo
704 3150 711 3164 .
728 3100 881 3164 hercule.
908 3150 915 3164 .
939 3101 1094 3185 optimoii
1117 3101 1152 3165 in
1162 3102 1185 3142 ¹⁰
1213 3106 1282 3169 tam
1303 3104 1381 3167 trita

241 3205 273 3264 et
302 3201 428 3265 assidua
461 3202 520 3265 tibi
553 3202 719 3266 materia¹¹
754 3202 899 3266 invenire
927 3205 960 3266 et
988 3224 1090 3286 posse.
1142 3203 1203 3268 Sed
1234 3204 1383 3269 videlicet

327 3413 339 3458 1
359 3405 490 3472 Sequitur
508 3405 574 3459 Cod.
593 3423 620 3474 p.
640 3411 702 3471 342,
722 3421 793 3472 quae
811 3404 869 3473 legi
885 3421 942 3458 non
957 3406 1059 3474 potest.

324 3497 339 3543 2
357 3489 427 3558 Legi
438 3490 535 3558 nequit
546 3489 655 3543 initium
672 3490 753 3543 nnius
765 3489 908 3558 epistolae.
934 3489 1006 3557 Fuit,
1023 3489 1053 3543 ni
1064 3490 1160 3558 fallor,
1178 3491 1270 3560 prima
1281 3492 1346 3546 libri
1357 3493 1383 3546 II

241 3577 277 3630 ad
295 3576 413 3629 Amicos.

326 3669 341 3715 3
359 3661 427 3714 Tres
445 3658 579 3728 epistolae
592 3675 685 3714 errore
697 3660 752 3713 huc
763 3658 870 3714 relatae
882 3661 958 3727 sunt,
977 3662 1008 3714 ut
1025 3659 1098 3715 infra
1115 3661 1238 3717 dicemus
1250 3679 1299 3716 suo
1311 3662 1380 3717 loco.

324 3770 341 3817 4
358 3762 458 3816 Utrum
475 3760 550 3815 Maio
569 3761 704 3815 debeatur
722 3761 825 3826 titulus¹
839 3779 875 3816 an
893 3761 1001 3816 Codicis
1018 3763 1134 3818 librario
1152 3781 1208 3818 non
1226 3765 1336 3819 definio.

326 3854 341 3901 5
359 3847 466 3916 Nempe
484 3862 535 3915 pro
554 3845 706 3914 consulatu,
726 3847 759 3900 cf.
778 3846 828 3916 Ep.
849 3847 886 3900 ad
902 3846 939 3899 M.
954 3845 1031 3900 Caes.
1045 3848 1079 3900 II.
1100 3855 1112 3900 1
1132 3867 1192 3918 sqq.
1224 3848 1304 3913 Quod
1322 3868 1384 3904 cum

242 3950 326 3997 nuno,
348 3931 459 4000 reperto
482 3929 619 3984 Vaticano
642 3929 755 3996 Codice,
778 3930 846 3984 satis
864 3932 969 3985 eertum
990 3930 1129 4000 videatur,
1152 3936 1272 4001 apparet
1293 3934 1384 3988 minus

241 4019 316 4070 recte
339 4016 480 4069 dubitasse
501 4013 697 4082 Niebuhrium,
720 4031 755 4069 an
778 4015 980 4084 Imperatorem
1000 4015 1105 4070 Fronto
1124 4017 1270 4072 Caesarem
1289 4021 1384 4088 appel-

242 4103 300 4155 lare
317 4100 462 4170 potuisset.

327 4186 451 4254 6Prope
468 4183 597 4249 universa
613 4183 698 4255 periit
714 4184 784 4238 haec
801 4183 921 4253 epistula
941 4200 1070 4239 versuum
1091 4185 1175 4240 XXV.
1205 4191 1298 4242 Maius.
1331 4189 1384 4242 lta-

243 4289 297 4340 que
314 4287 369 4325 non
386 4269 524 4324 sufficiunt
541 4270 735 4338 supplementa
751 4268 918 4335 Heindorfii,
936 4269 985 4339 qui
1001 4270 1145 4340 proponit:
1165 4271 1303 4326 desiderio
1316 4288 1383 4339 quo-

243 4358 308 4410 dam
326 4361 428 4409 diceudi
445 4371 516 4423 quae
534 4353 703 4416 distuleram,
727 4355 826 4407 senatu
844 4354 1031 4423 frequentiore
1050 4367 1173 4409 eaerulus
1190 4374 1259 4409 sum.

327 4448 341 4496 7
359 4440 446 4493 Huius
464 4439 598 4509 epistulae
616 4438 719 4494 mentio
739 4440 781 4491 est
798 4439 835 4492 ad
851 4438 888 4492 M.
908 4437 984 4493 Caes.
1003 4440 1037 4492 ΙΙ.
1057 4446 1081 4493 b.
1112 4444 1206 4494 Maius.

327 4532 343 4580 8
361 4524 507 4579 Perierunt
524 4541 617 4578 versus
635 4525 706 4577 octo.
743 4528 838 4577 Malus.

313 4614 343 4665 '9
361 4609 462 4678 Incipit
480 4607 546 4662 cod.
568 4627 595 4678 p.
615 4615 672 4662 341.

312 4703 343 4750 10
361 4694 451 4748 Hodie
470 4678 557 4747 estin
576 4691 677 4757 Codice
695 4694 817 4763 epatium
835 4692 921 4747 trium
938 4692 1104 4747 litterarum.

312 4788 341 4834 11
361 4781 436 4849 Ergo
454 4778 557 4832 Fronto
576 4796 659 4848 saepe
676 4779 818 4849 publicam
835 4777 1026 4832 laudationem
1043 4779 1093 4832 Pio
1111 4778 1233 4848 dixerat,
1252 4782 1323 4836 sieut
1337 4800 1384 4837 an-

242 4870 290 4921 tea
307 4866 458 4920 Hadriano.
495 4863 535 4918 Cf.
555 4864 591 4918 ad
608 4864 644 4917 M.
664 4864 740 4920 Caes.
760 4866 794 4919 II.
813 4871 837 4918 4.
875 4867 970 4918 Maius.

1121 4952 1185 5014 11*
