3300 5950
315 791 376 853 114
522 788 559 842 M.
579 786 748 842 CORNELII
765 786 972 843 FRONTONIS
990 787 1246 843 EPISTULARUM

311 959 467 1043 Lucilius,
492 959 647 1023 Albucius
671 961 792 1043 aridus,
823 959 968 1023 sublimis
990 958 1172 1043 Lucretius,
1207 961 1373 1024 mediocris
1396 961 1455 1025 Pa-

313 1062 453 1145 cubius¹,
477 1062 655 1145 inaequalis
678 1062 812 1145 Accius,
837 1061 963 1126 Ennius
985 1062 1213 1138 multiformis?
1257 1060 1454 1126 Historiama

311 1186 434 1248 quoque
457 1164 612 1228 scribsere
629 1162 799 1227 Sallustius
822 1167 953 1245 structe,
978 1163 1087 1226 Pictor
1104 1164 1279 1246 incondite,
1304 1163 1454 1229 Claudius

310 1266 429 1350 lepide,
459 1266 576 1330 Antias
598 1266 784 1347 invenuste,
815 1262 989 1329 Seisenna²
1017 1266 1207 1349 longinque,
1240 1267 1346 1329 verbis
1375 1266 1454 1331 Cato
1498 1258 1512 1279 ⁵

310 1368 499 1452 multiiugis,
525 1366 648 1432 Coelius
668 1367 814 1451 singulis.
850 1366 1083 1431 Contionaturb
1107 1371 1214 1431 autem
1231 1366 1309 1432 Cato
1324 1368 1452 1450 infeste,

311 1469 475 1534 Gracchus
497 1470 692 1552 turbulente,
717 1462 841 1533 Tullius
865 1470 1000 1552 copiose.
1038 1468 1107 1531 Iam
1128 1470 1164 1532 in
1185 1469 1330 1532 iudiciis⁰
1353 1470 1454 1533 saevit

309 1572 393 1635 idem
416 1570 505 1653 Cat0,
535 1572 713 1655 triumphat
741 1570 861 1652 Cicero,
890 1571 1105 1634 tumultuatur
1128 1570 1302 1653 Gracchus,
1338 1570 1452 1635 Calvus

308 1674 440 1736 rixatur.

394 1774 455 1839 Sed
475 1775 555 1843 haec
578 1775 723 1858 exempla
737 1775 875 1839 fortasse
892 1779 1089 1840 contemnas.
1119 1773 1226 1850 Quid?
1248 1774 1451 1858 philosophid

308 1877 367 1960 ipsi
396 1899 505 1940 nonne
527 1877 651 1940 diverso
674 1898 792 1961 genere
814 1878 969 1942 orationis
992 1878 1040 1942 usi
1063 1876 1163 1941 sunt?
1202 1875 1307 1939 Zeno3
1331 1876 1371 1938 ad
1398 1877 1451 1939 do-

309 1980 444 2042 cendum
465 1978 681 2062 planissimus,
707 1978 854 2043 Socrates
877 1980 917 2042 ad
933 1980 1171 2064 coarguendum
1187 1978 1449 2061 captiosissimuS,

307 2080 469 2164 Diogenes
498 2081 537 2144 ad
561 2081 585 2164 l⁴
607 2080 865 2163 exprobrandum
886 2081 1160 2164 promptissimus,
1190 2078 1374 2143 Heraclitus
1397 2079 1449 2141 ob-

307 2204 417 2245 scurus
453 2182 614 2246 involvere
647 2183 771 2266 omnia,
809 2182 1015 2267 Pythagora⁵
1051 2182 1204 2245 mirificus
1242 2180 1450 2245 clandestinis

307 2285 408 2368 signis
431 2284 556 2348 sancire
578 2284 700 2367 omnia,
737 2283 953 2349 Clitomachus
982 2306 1100 2367 anceps
1127 2284 1162 2346 in
1185 2282 1315 2345 dubium
1337 2304 1450 2346 vocare

309 2386 425 2448 omnia.
470 2384 630 2461 Quidnam
651 2385 752 2470 igitur
781 2389 916 2471 agerent
941 2386 997 2449 isti
1024 2386 1086 2469 ipsi
1120 2384 1349 2467 sapientissimi
1376 2384 1447 2464 viri,

308 2488 395 2550 side
418 2509 474 2550 suo
497 2487 629 2571 quisque
650 2509 737 2551 more
760 2491 856 2571 atque
878 2487 1027 2551 instituto
1049 2484 1303 2550 deducerentur?
1339 2485 1448 2549 Socra-

305 2593 354 2652 tes
377 2611 418 2653 ne
442 2592 644 2673 coargueret,
675 2588 824 2653 Zenone
847 2589 1054 2673 disceptaret,
1088 2587 1250 2671 Diogenes
1278 2609 1319 2650 ne
1347 2588 1448 2650 incre-

305 2694 413 2773 paret,
438 2690 557 2774 nequid
578 2690 764 2774 Pythagora
786 2691 942 2773 sanciret,
969 2690 1087 2773 nequid
1109 2688 1293 2752 Heraclitus
1316 2688 1447 2751 abscon-

306 2794 404 2874 deret,
428 2791 547 2875 nequid
570 2790 786 2856 Clitomachus
810 2793 998 2877 ambigeret.
1308 2798 1314 2808 ‘

391 2893 452 2958 Sed
474 2915 515 2957 ne
536 2894 570 2956 in
593 2893 697 2977 prima
719 2895 783 2958 ista
804 2897 897 2979 parte
919 2893 1038 2957 diutius
1054 2915 1149 2977 quam
1165 2892 1321 2976 epistulae
1336 2892 1447 2954 modus
1470 2887 1474 2893 ’

304 2997 447 3080 postulat
475 3018 718 3080 commoremur,
756 3000 883 3080 tempus
912 2999 960 3059 est
987 2997 1025 3060 de
1053 2994 1177 3058 verbis⁸
1204 2995 1343 3078 primum
1371 2995 1447 3077 quid

306 3121 435 3162 censeas
463 3100 672 3163 considerare.
723 3098 784 3162 Dic
805 3100 896 3162 sodes
919 3098 979 3162 ho'c
998 3097 1094 3178 mihi,
1124 3101 1274 3161 utrumne
1280 3148 1289 3180 ,
1317 3097 1446 3159 tametsi

304 3201 374 3263 sine
396 3199 460 3263 ullo
483 3200 592 3263 labore
615 3222 652 3264 ac
674 3200 778 3264 studio
806 3222 877 3263 mco
904 3199 1002 3263 verba
1029 3198 1108 3262 mihi
1137 3198 1335 3283 elegantiora
1361 3197 1446 3260 ultro

304 3304 517 3383 occurrerent,
542 3302 721 3384 spernenda
745 3324 854 3365 censes
878 3323 916 3364 ac
930 3299 1152 3384 repudianda?
1181 3300 1235 3363 An
1251 3322 1322 3363 cunr
1337 3300 1445 3362 labore

304 3403 431 3486 quidem
453 3406 486 3465 et
508 3403 612 3465 studio
634 3403 830 3488 investigare
853 3402 950 3466 verba
965 3402 1127 3486 elegantia
1147 3401 1311 3486 prohibes,
1335 3401 1445 3463 eadem

303 3525 393 3586 vero,
424 3504 449 3566 si
478 3502 579 3587 ultro,
609 3504 637 3566 si
664 3504 787 3568 iniussu
815 3507 911 3587 atque
938 3505 1090 3568 invocatu
1117 3524 1188 3566 meo
1215 3501 1378 3583 venerint,
1409 3507 1445 3564 ut

303 3599 503 3668 Menelaums
529 3606 569 3668 ad
591 3604 730 3689 epulasss,
755 3604 883 3689 quidem
897 3605 996 3688 recipi
1019 3603 1132 3668 iubes?
1163 3603 1248 3667 Nam
1269 3603 1356 3666 istud
1377 3603 1444 3685 qui·

387 3825 404 3862 a
421 3813 455 3860 In
473 3816 596 3875 momine:
616 3807 687 3873 Quid
705 3808 830 3863 historici
846 3807 991 3878 proprium
1008 3808 1122 3862 habent.

211 3928 212 3932 =
306 3951 308 3955 .
387 3894 457 3945 qu
475 3899 599 3960 margine:
618 3893 659 3946 De
678 3892 898 3946 contionantium
915 3891 1044 3962 propriis⁴

387 3994 401 4029 c
423 3980 456 4029 In
474 3982 598 4045 near-piae:
618 3975 694 4041 Quae
711 3976 741 4030 in
759 3976 922 4046 [causidicis]
941 3976 1056 4045 singulis
1073 3974 1176 4030 fuerint
1193 3974 1314 4046 propria.

387 4061 405 4113 d
426 4065 456 4113 In
474 4068 598 4130 nrarpine:
617 4061 653 4114 Et
669 4061 829 4130 philosophi
848 4061 955 4114 diverso
974 4078 1076 4129 genere
1095 4061 1179 4128 atque
1198 4060 1324 4114 oratione
1341 4060 1390 4114 usi.

386 4164 401 4200 e
422 4151 455 4214 Iu
474 4153 597 4212 margine:
616 4146 696 4199 Nunc
714 4146 748 4199 de
766 4145 867 4199 verbis.

387 4232 401 4283 f
423 4235 454 4283 In
473 4237 597 4299 marpiue:
616 4230 757 4288 Menelaus
774 4230 919 4284 invocatus
938 4230 974 4285 ad
992 4230 1088 4299 epulas
1105 4227 1182 4282 venit
1200 4228 1228 4280 et
1246 4230 1373 4298 receptus
1390 4231 1440 4282 cst.

388 4425 397 4469 1
420 4417 485 4470 Cod.
505 4432 557 4470 sec.
577 4412 615 4469 mi
633 4422 766 4471 Pacuuius.

384 4509 399 4554 2
419 4500 484 4554 Cod.
505 4517 557 4554 sec.
577 4519 612 4554 m.
634 4504 751 4555 Sisenna.
856 4493 858 4496 ,
881 4563 884 4569 ,

385 4593 400 4639 3
420 4585 523 4638 Codex:
544 4589 626 4648 Xeno,
644 4585 717 4640 infra
736 4591 813 4641 Zeno.

383 4677 400 4722 4
418 4668 518 4738 Incipit
535 4669 601 4723 Cod.
620 4669 684 4724 Vat.
704 4688 731 4738 p.
746 4676 769 4724 4.

418 4754 443 4805 It
573 4798 578 4807 .

383 4752 571 4892 dlnaCddihi
599 4839 734 4908 repetitur
760 4845 881 4893 venerint.
929 4838 1073 4894 Librarius
1098 4840 1192 4910 priore
1218 4841 1280 4894 loco
1308 4838 1440 4893 delevisse
