3300 5950
286 790 349 855 232
629 787 666 840 Μ.
686 786 854 841 CORNELII
877 786 1083 841 FRONTCNIS

287 963 422 1042 possunt
454 960 494 1023 ab
526 959 591 1022 ullo
625 958 822 1041 contingere.
869 956 941 1021 Mea
973 979 1072 1021 manu
1098 979 1165 1021 000
1193 958 1323 1040 scribsi,
1352 960 1429 1042 quia

287 1061 411 1145 vesperi
434 1061 499 1124 1010
521 1060 681 1124 tremebat
708 1060 804 1123 etiam
833 1058 976 1122 manus¹.
1020 1058 1102 1122 Vale
1129 1059 1173 1121 mi
1199 1058 1428 1124 iucundissime

287 1162 452 1246 magister.

532 1330 586 1394 ΙΙ.
622 1327 802 1396 Antonino
824 1326 987 1410 Angusto
1012 1328 1191 1409 {²Fronto.

373 1467 485 1530 Multis
507 1465 737 1530 huiuscemodi3
765 1465 962 1528 maeroribus
987 1464 1118 1528 fortuna
1144 1486 1194 1527 me
1222 1487 1432 1547 peromnem

288 1568 389 1631 vitam
417 1589 521 1630 meam
555 1566 706 1630 01010011.
751 1565 836 1629 Nam
870 1569 906 1630 ut
933 1565 996 1629 alia
1023 1587 1094 1629 mea
1128 1566 1243 1629 acerba
1269 1566 1429 1648 omittam,

290 1668 429 1751 quinque
452 1669 544 1731 amisi
565 1668 683 1732 liberos
705 1668 884 1731 miserrima
905 1668 1033 1752 quidem
1048 1667 1233 1732 condicione
1250 1671 1432 1751 temporum

289 1790 448 1833 meorum:
478 1792 554 1833 0010
581 1770 720 1854 quinque
746 1791 856 1833 omnes
878 1790 1132 1852 unumquemque
1154 1791 1279 1852 semper
1300 1770 1433 1833 unicum

291 1870 400 1951 010101,
431 1870 489 1933 has
517 1871 665 1934 orbitatis
692 1871 777 1934 vices
799 1892 978 1954 perpessus
1008 1872 1045 1933 ut
1066 1892 1240 1953 numquam
1267 1870 1346 1933 mihi
1366 1870 1433 1934 nisi

290 1972 403 2035 orbato
426 1972 531 2035 filius⁴
554 1975 749 2035 nasceretur.
802 1972 854 2035 lta
882 1994 1006 2054 semper
1033 1974 1102 2034 sine
1129 1971 1194 2034 ullo
1217 1972 1333 2035 solacio
1355 1972 1433 2034 resi-

291 2072 352 2135 duo
374 2072 492 2135 liberos
516 2073 617 2155 amisi,
643 2095 714 2136 0010
736 2073 857 2135 recenti
879 2072 969 2136 luctu
990 2073 1164 2156 procreavi.

375 2172 496 2237 Verum
523 2174 595 2237 11100
626 2196 686 2258 ego
714 2174 818 2237 luctus
846 2172 980 2236 toleravi
1006 2173 1132 2255 fortius,
1162 2173 1277 2257 quibus
1305 2178 1434 2258 egomet

290 2276 360 2358 ipse
382 2274 466 2337 solus
495 2275 670 2339 cruciabar.
715 2274 862 2357 Namque
890 2296 978 2339 meus
1012 2275 1137 2337 animus
1167 2280 1305 2339 meomet
1331 2276 1434 2339 dolori

292 2377 449 2439 obnixus⁵
478 2377 641 2459 oppositus
669 2376 760 2459 quasi
791 2376 934 2440 solitario
958 2376 1142 2458 certamine,
1172 2398 1256 2439 unus
1277 2377 1344 2458 uni,
1373 2400 1435 2460 par

294 2477 364 2559 pari
387 2477 568 2540 resistebat.
608 2477 654 2540 At
675 2499 787 2541 nunc.
814 2526 820 2539 .
846 2526 854 2540 .
879 2477 908 2540 ,ὃ
923 2477 1012 2541 dolor
1026 2477 1158 2541 dolore.
1183 2527 1190 2540 .
1217 2478 1244 2540 ,¹³
1272 2478 1299 2540 ri
1326 2477 1435 2540 multi-

292 2578 430 2660 plicatur
456 2582 488 2642 et
511 2578 671 2641 cumulum
692 2578 837 2641 luctuum
863 2579 1024 2642 meorum⁸
1045 2578 1130 2641 ferre
1157 2600 1296 2662 neque03
1323 2578 1434 2642 Victo·

293 2678 357 2741 rini
379 2680 441 2741 mei
464 2678 604 2741 lacrimis
627 2679 767 2763 1010000,
793 2679 1005 2762 conliquesco.
1038 2678 1139 2763 Saepe
1155 2680 1251 2744 etiam
1268 2679 1435 2762 expostulo

295 2802 366 2842 eum
389 2780 437 2844 dis
459 2780 693 2843 immortalibus
715 2782 748 2843 01
769 2780 839 2843 fata
860 2780 965 2864 iurgio
988 2780 1152 2863 compello.

378 2879 744 2964 Victorinurn‘pietate,
773 2881 1035 2964 mansuetudine,
1065 2882 1211 2965 veritate,
1246 2881 1436 2945 innocentia

293 2983 442 3063 maxima,
472 2983 613 3046 omnium
636 2982 771 3066 denique
793 2982 988 3065 optimarum
1010 2984 1128 3046 artium
1154 2983 1362 3066 praecipuum
1388 2984 1436 3045 vi-

293 3105 364 3147 rum
398 3085 603 3148 acerbissima
636 3086 738 3146 morte
772 3083 817 3146 fili
852 3083 1032 3148 adflictum:
1076 3085 1210 3148 hoccine
1243 3084 1309 3148 ullo
1341 3085 1436 3147 modo

295 3207 431 3268 aequum
458 3188 513 3249 aut
541 3185 661 3248 iustum
688 3184 775 3248 fuit?
819 3183 853 3247 Si
885 3184 1087 3267 providentia
1120 3207 1171 3248 res
1199 3186 1435 3269 gubernantur,

294 3286 355 3350 hoc
377 3285 528 3368 1110109110
543 3288 629 3348 10010
651 3285 814 3368 provisum
831 3284 901 3347 est?
938 3283 971 3348 Si
993 3284 1061 3348 fato
1082 3290 1198 3351 cuncta
1219 3286 1360 3349 humana
1382 3286 1436 3348 de-

296 3390 480 3468 cernuntur,
504 3385 637 3450 hoccine
659 3385 727 3448 fato
749 3385 878 3448 decerni
901 3385 1057 3449 (1011011111
1095 3385 1228 3450 Nullum
1248 3408 1324 3470 ergo
1346 3386 1437 3450 inter

295 3490 395 3551 100000
424 3510 461 3551 00
493 3486 594 3551 010100
622 3486 823 3549 fortunarum
856 3485 1026 3550 discrimen
1055 3487 1143 3550 erit?
1186 3487 1284 3552 Nulla
1320 3487 1387 3550 deis
1398 3488 1434 3571 ¹²,

383 3732 395 3776 1
414 3724 475 3776 Duo
494 3723 631 3777 vocabula
648 3727 724 3776 eriam
740 3741 827 3774 manus
843 3720 932 3775 Maius
951 3721 1050 3777 omisit.

380 3813 394 3859 2
413 3805 514 3875 Incipit
532 3805 598 3860 Cod.
617 3823 644 3874 p.
666 3811 721 3860 160.

381 3898 396 3943 3
415 3888 552 3953 Quattuor
568 3888 677 3943 litteras
695 3888 833 3958 supplevi3
851 3889 941 3958 possis
960 3907 1069 3958 quoque
1087 3895 1159 3943 taius
1173 3897 1282 3959 pencris.

381 3981 397 4027 4
414 3974 515 4028 Mirum
525 3980 592 4041 filius
603 3991 654 4042 pro
665 3980 740 4042 prole
751 3973 779 4025 in
792 3972 959 4039 universum,
976 3990 1041 4027 nam
1053 3989 1109 4027 non
1120 3973 1172 4028 nisi
1183 3974 1257 4029 filiae
1275 3977 1358 4029 natae
1371 3976 1439 4028 sunt
1535 4015 1539 4020 .

297 4056 439 4113 Frontoni.
470 4062 645 4112 Burmannus.
674 4057 737 4110 Non
754 4057 876 4124 memini,
894 4057 966 4111 unde
978 4057 1009 4111 B.
1028 4058 1082 4112 hoc
1099 4038 1249 4113 resciverit.
1270 4060 1352 4134 tm

384 4149 399 4196 5
416 4144 454 4195 At
472 4142 537 4197 Cod.
557 4161 599 4211 pr.
618 4159 654 4194 10.
680 4145 784 4209 obrue,
807 4142 882 4211 quod
899 4142 1017 4196 fortasse
1033 4143 1168 4212 praestat
1207 4141 1315 4197 Codicis
1340 4143 1437 4196 lectio-

298 4245 362 4282 nem
380 4237 466 4280 memet
484 4225 644 4281 emendavit
660 4225 806 4295 Hauptius.

383 4317 398 4363 6
417 4309 521 4384 Supple
538 4327 656 4364 versum.

384 4401 399 4448 7
419 4394 522 4449 Codex:
543 4437 567 4447 ..
586 4392 683 4448 HCUE
701 4394 746 4461 Rl,
763 4396 796 4448 ut
812 4394 931 4449 videtur.

383 4485 399 4532 8
417 4477 562 4547 Scriptura
579 4479 665 4547 fugax
682 4495 733 4533 nec
752 4477 819 4533 satis
837 4479 921 4532 certa.
956 4478 1059 4532 Maius:
1083 4499 1191 4534 meorum
1208 4486 1323 4534 luctuum.

384 4569 399 4616 9
417 4561 535 4616 Videtur
553 4561 581 4615 in
600 4560 701 4617 Codice
719 4561 833 4630 corrigi:
852 4567 964 4617 1000100.
1128 4552 1132 4561 ’

368 4653 400 4700 10
417 4645 518 4715 Incipit
540 4645 606 4699 Cod.
625 4664 652 4714 p.
673 4653 730 4700 155.

368 4736 398 4782 11
416 4729 502 4783 Recte
520 4728 658 4799 supplevit
674 4730 775 4795 Maius;
795 4732 942 4799 supersunt
958 4729 1086 4799 vestigia.

369 4819 400 4866 12
419 4810 524 4867 Codex:
543 4819 606 4867 dies.
644 4811 770 4867 Correxit
786 4812 965 4866 Niebuhrius.
