3300 5950
297 781 357 845 172
505 781 541 835 Μ.
557 779 727 835 CORNELII
743 778 951 835 FRONTONIS
969 778 1225 835 EPISTULARUM

478 966 789 1034 EPISTULARUM
812 968 874 1032 AD
897 967 1059 1034 AMICOS
1092 967 1210 1032 LIBRI
1232 969 1248 1031 I

309 1262 325 1309 4
344 1257 472 1321 Acerifflio
491 1257 631 1324 PIJcriono
639 1257 654 1310 ¹.

360 1340 461 1394 Iulium
478 1338 646 1407 Aquilinum.

310 1432 325 1479 5
344 1429 382 1479 et.
401 1430 511 1478 loliano.

361 1508 529 1579 Cuperemus
546 1510 681 1578 profecte.

312 1600 327 1647 6
345 1596 456 1648 Avidio²
475 1599 574 1650 Cassio.

359 1678 452 1732 Iunius
469 1678 614 1734 Maximus.

309 1769 324 1817 7
344 1765 463 1829 Aufidio³
480 1765 612 1833 [Ueneno]
640 1770 782 1819 Victorino.

804 1086 925 1140 INDEX.

881 1177 912 1225 15
931 1176 1060 1225 Praecilio
1080 1175 1241 1239 Pompeiano.

946 1255 1051 1311 Verum
1069 1273 1103 1310 ex
1119 1272 1171 1309 me.

879 1347 909 1394 16
929 1346 1055 1395 Praecilio
1075 1346 1242 1409 Pompeiano.

944 1427 1019 1495 Lege
1038 1424 1177 1480 carissime
1195 1424 1270 1479 mihi.

878 1518 908 1565 17
928 1515 964 1566 01.
984 1516 1093 1565 Iuliano.

943 1595 1073 1650 Habuisti
1090 1595 1177 1664 igItur
1195 1594 1277 1649 domi.

878 1689 909 1737 18
929 1686 965 1735 ct.
984 1686 1094 1734 Iuliano.

944 1766 1044 1820 Nescio
1063 1781 1117 1833 quo
1135 1769 1219 1834 pacto
1240 1766 1279 1819 fit.

879 1858 911 1905 19
929 1856 1060 1905 Fuluiano.

945 1936 1005 2003 Ego
1026 1978 1031 1988 .
1052 1979 1057 1989 .
1079 1935 1156 1989 ,hoc
1174 1935 1363 2005 epistularum.
1438 1936 1440 1939 ⁴

876 2028 908 2075 20
927 2026 1022 2074 Sardio
1041 2024 1187 2074 Saturnino.

943 2104 1144 2159 Gravissimum
1162 2122 1262 2159 casum.

874 2197 904 2244 21
925 2195 1001 2244 Innio
1020 2194 1143 2244 Maximo.

940 2274 1062 2329 Humani
1079 2291 1159 2328 casus
1175 2273 1290 2328 homini.

873 2366 905 2413 22
925 2402 930 2413 .
950 2362 1018 2413 AlIl
1043 2402 1049 2413 .
1075 2401 1428 2417 ..............

942 2442 1279 2508 ...ISSIQOM....

873 2535 906 2583 23
924 2532 1019 2583 Sardio
1037 2532 1185 2582 Saturnino.

941 2614 1076 2667 Hortatus
1095 2630 1156 2666 sum
1174 2629 1226 2667 con
1246 2657 1251 2667 .
1273 2658 1278 2667 .
1300 2657 1304 2667 .

873 2704 907 2751 24
924 2702 999 2752 Iunio
1018 2702 1143 2752 Monimo.

941 2783 996 2837 Per
1013 2782 1127 2852 Ulpium
1145 2798 1202 2836 nos.

873 2873 906 2921 25
924 2871 1037 2936 Squillae
1056 2871 1196 2922 Gallicano.

940 2951 1005 3007 Tibi
1023 2951 1134 3007 domine
1151 2953 1246 3008 frater.

360 1847 495 1901 Antonius
513 1849 621 1917 Aquila.

308 1938 325 1987 8
342 1937 466 1987 Passieno
485 1937 560 1999 linio.

360 2016 494 2071 Aemilius
511 2018 584 2071 Pius.

309 2109 324 2157 9
344 2107 429 2156 Coelio
449 2106 550 2171 Optato.

351 2187 473 2243 Sardius
492 2186 665 2242 Saturninus.

292 2279 326 2328 10.
342 2279 465 2327 Petronio
484 2277 647 2329 Mamertino.

358 2355 471 2411 Sardius
490 2356 661 2412 Saturninus.

291 2447 320 2495 11
344 2447 417 2496 Velio
436 2446 503 2507 Ruso
521 2445 590 2498 Seni.

357 2525 476 2594 Figurae
496 2525 653 2581 orationis⁴.

290 2618 321 2665 12
340 2616 446 2678 Aufidio
466 2614 599 2665 Victorino
619 2615 743 2668 Generoi.

356 2695 477 2749 Litteras
496 2695 586 2765 [qua]s
605 2696 723 2752 domine.

290 2786 321 2834 13
340 2784 443 2845 Aufidio
467 2783 607 2835 Victorino.

357 2862 487 2919 Graviter
505 2865 598 2919 oculos
618 2865 702 2919 dolui.

289 2955 321 3003 14
340 2953 443 3016 Aufidio
465 2954 607 3008 Victorino.

356 3034 400 3088 Ad
420 3034 544 3104 [maius]⁶
562 3037 680 3106 tempus.

493 3174 568 3256 (M.
602 3176 869 3258 CORNELII
907 3176 1226 3258 PRONTONIS

545 3293 882 3367 EPISTULARUM
906 3295 972 3366 AD
998 3293 1168 3367 AMICOS

727 3391 914 3457 niune
943 3393 985 3478 1.)

522 3510 553 3574 I.
593 3510 759 3595 I⁷Fr0utc
783 3512 835 3578 cl.
859 3507 991 3578 Severo
1014 3507 1189 3580 Salutem.

372 3629 621 3695 Commendandi
643 3651 710 3693 mos
733 3631 827 3695 initio
849 3631 965 3694 dicitur
987 3631 1204 3696 benivolentia
1226 3635 1329 3716 crine,
1355 3656 1427 3698 cum

287 3753 380 3794 suum
408 3731 540 3815 quisque
569 3730 706 3795 amicum
737 3731 798 3795 ali8
827 3732 929 3796 amico
957 3755 1013 3796 suo
1041 3733 1293 3796 demonstratmn
1322 3736 1425 3798 conci·

372 3901 448 3954 lDu
474 3899 544 3954 Rieu
570 3899 639 3953 vidit
665 3898 694 3952 in
716 3898 830 3954 Codice:
866 3906 927 3955 Acii
947 3944 952 3956 .
973 3943 980 3956 .
1003 3890 1195 3963 ..Floriana-
1221 3902 1333 3956 exhibui
1359 3903 1426 3957 Maii

286 3984 443 4040 lectionem.
479 3984 608 4039 Fortasse
626 3985 763 4054 praestat:
784 3990 894 4040 Aeliano
912 3992 952 4042 Pl.

370 4076 386 4123 2
404 4070 448 4122 Du
464 4069 535 4123 Rieu
552 4068 621 4122 nihil
637 4067 707 4122 vidit
724 4071 838 4138 praeter
855 4070 936 4125 haec:
956 4076 1018 4125 And
1034 4111 1223 4127 ........
1284 4125 1287 4130 .

371 4161 386 4208 3
404 4153 494 4208 Hodie
506 4153 620 4221 legitur:
634 4158 728 4219 Aeficio
734 4154 763 4207 et
775 4153 897 4223 spatium
909 4155 984 4223 quod
996 4155 1073 4209 certa
1085 4155 1278 4210 emendatione
1289 4157 1423 4226 supplevi.

370 4243 387 4290 4
405 4236 509 4292 Codex:
528 4242 664 4291 orationes.

371 4328 386 4376 5
404 4320 509 4375 Codex:
528 4326 552 4374 A
573 4364 578 4374 .
598 4364 604 4375 .
626 4363 631 4374 .
652 4363 657 4374 .
687 4327 818 4377 Victorino
841 4327 936 4378 Vener.

371 4413 386 4459 6
405 4404 551 4474 SupplevIt
566 4404 656 4459 Maius
674 4406 702 4459 et
720 4407 859 4477 apparent
875 4406 1001 4476 vestigia.

371 4495 385 4543 7
405 4489 506 4559 Incipit
524 4489 589 4544 Cod.
606 4507 635 4559 p.
655 4494 712 4545 328.
748 4491 790 4546 De
813 4491 922 4546 Sereris
943 4490 1070 4561 pluribus
1093 4490 1140 4558 qui
1161 4490 1308 4546 Frontonis
1330 4495 1424 4550 aetate

285 4573 414 4629 vixerunt
431 4575 554 4644 disputat
571 4573 748 4641 Niebuhrius,
766 4592 849 4643 quem
865 4575 937 4630 vide.

370 4664 386 4712 8
403 4659 493 4713 Maius
503 4658 544 4713 ita
555 4675 584 4712 se
596 4656 698 4726 legisse
711 4660 844 4726 affirmst3
862 4659 945 4714 hodie
957 4661 1033 4715 locus
1044 4677 1100 4715 non
1112 4661 1179 4716 satis
1189 4662 1284 4732 potest
1296 4660 1422 4716 discerni.

284 4742 457 4797 Ecksteinius
480 4743 564 4797 affert
581 4747 617 4796 ali
634 4758 649 4796 e
668 4741 773 4799 Seneca
791 4743 919 4799 Controv.
938 4744 984 4811 IX,
1003 4752 1043 4811 25,
1061 4752 1093 4800 23
1110 4763 1138 4814 p.
1158 4750 1215 4800 258.
1251 4745 1375 4800 Bursian.
1395 4748 1424 4800 et

284 4827 382 4882 laudat
399 4827 566 4882 Lachmann.
585 4826 614 4880 in
631 4826 711 4883 Lucr.
730 4827 776 4896 IV,
794 4835 853 4884 637.
1204 4809 1218 4831 ⁶
