3300 5950
450 790 499 843 AD
518 790 553 844 M.
572 789 793 844 ANTONINUM
809 789 858 843 DE
874 787 1118 853 ELOQUENTIA.
1301 790 1358 854 141

214 962 344 1025 tertiam
367 965 473 1025 autem
495 960 580 1025 hano
602 962 750 1045 speeiem,
775 961 822 1024 rei
845 962 926 1042 dioo,
951 983 988 1024 ao
1011 960 1151 1044 negotiis
1174 960 1274 1023 solam
1295 962 1358 1023 ter-

215 1064 381 1147 minatam,
406 1086 439 1127 se
462 1064 552 1141 quasi
575 1066 770 1127 contentam.
815 1061 888 1127 Hae
915 1063 1094 1126 officiorum
1120 1062 1305 1145 partitione,
1334 1062 1372 1133 si

214 1168 325 1229 tamen
347 1169 403 1229 aut
424 1165 497 1228 ille¹
526 1186 635 1228 verum
665 1164 772 1228 aiebat
800 1167 857 1227 aut
884 1185 944 1248 ego
972 1164 1049 1227 olim
1078 1164 1187 1226 audita
1208 1164 1361 1226 memoria

215 1267 353 1349 retinen,
378 1271 416 1330 ut
437 1268 540 1351 prima
562 1266 686 1330 homini
709 1266 748 1329 ad
771 1266 965 1350 sapientiam
986 1265 1134 1330 tendenti
1157 1265 1224 1328 sint
1247 1262 1361 1352 [moli]-

215 1372 326 1431 menta
348 1390 428 1451 quae
451 1369 490 1431 ad
513 1368 612 1431 vitam
636 1368 834 1451 salutemque
862 1368 1048 1452 pertinent³
1073 1366 1360 1455 {conservandam}

215 1470 321 1556 Igitur
350 1473 382 1533 et
413 1471 570 1553 prandere
599 1472 631 1533 et
658 1469 759 1533 lavari
795 1472 828 1533 et
853 1470 976 1553 ungui²
1007 1472 1040 1533 et
1069 1472 1174 1532 cetera
1208 1468 1362 1532 eiusmodi

215 1593 349 1635 munera
379 1575 455 1634 sunt
482 1572 637 1654 sapientis
660 1572 776 1635 officia.
823 1570 1023 1655 Quamquam
1052 1592 1155 1654 neque
1177 1571 1213 1633 in
1234 1570 1359 1634 balneis

216 1673 384 1757 quisquam
407 1673 565 1756 sapientia
589 1724 595 1736 .
621 1724 628 1737 .
651 1695 755 1757 neque
777 1676 814 1737 ut
838 1674 923 1737 oiroa
943 1724 949 1737 .
969 1724 976 1736 .
994 1674 1033 1737 ad
1056 1694 1201 1736 mensam
1224 1673 1357 1754 cenarit,

216 1774 353 1857 prandio
383 1775 531 1857 voment,
568 1775 761 1859 sapientiam
796 1776 974 1839 ruetaritb.
1001 1824 1008 1837 .
1043 1774 1069 1837 si
1099 1774 1201 1839 ederis
1236 1823 1242 1837 .
1269 1824 1275 1836 .
1298 1774 1363 1836 nisi

217 1877 343 1940 vixeris.
389 1875 472 1951 Quid
492 1877 594 1961 igitur
615 1877 689 1941 istie
713 1877 930 1940 admonendus
954 1875 1011 1940 es?
1033 1898 1075 1939 ne
1097 1876 1147 1939 tin
1172 1926 1178 1939 .
1205 1926 1211 1938 .
1235 1874 1296 1939 hoo
1321 1926 1326 1937 .
1354 1924 1360 1938 .

216 1978 351 2060 prandio
375 1980 407 2041 et
428 1978 559 2056 mensa³
582 1980 680 2042 situm
709 1980 881 2044 existimes.
926 1978 1002 2041 Non
1030 1981 1079 2041 est
1107 1977 1285 2060 sapientiae
1308 1999 1362 2040 ne-

217 2080 340 2163 gotium
362 2079 464 2162 vesoi3
487 2081 541 2143 sed
565 2081 633 2143 sine
655 2082 732 2162 vita,
757 2103 838 2164 quae
862 2080 931 2144 oivo
954 2083 1101 2162 constat,
1125 2067 1215 2143 nulla
1238 2080 1363 2162 sapien-

216 2183 273 2264 ua,
304 2181 410 2244 studia
437 2180 527 2244 nulla
556 2204 624 2245 esse
651 2186 796 2264 possunt.
842 2182 939 2245 Nune
969 2233 976 2245 .
1002 2232 1009 2245 .
1039 2181 1126 2245 vides
1156 2181 1258 2264 igitur
1289 2231 1295 2243 .
1322 2231 1328 2243 .
1355 2230 1361 2244 .

217 2284 344 2347 oflioia‘¹
362 2332 502 2346 .....
515 2283 537 2366 15
573 2283 618 2346 Α1
640 2305 707 2346 non
730 2306 829 2367 aeque
852 2284 1019 2367 sequentia
1041 2283 1158 2365 officia,
1183 2304 1264 2365 quae
1287 2286 1364 2346 sunt

217 2384 366 2468 qualitati
390 2384 540 2468 cuiusque
564 2385 830 2467 accommodatae,
861 2388 996 2468 possunt
1023 2384 1166 2448 omnium
1189 2406 1257 2447 esse
1281 2406 1363 2448 eom-

217 2487 327 2549 munia
335 2486 359 2548 ¹¹.
405 2485 503 2549 Aliud
525 2486 696 2569 prandium
720 2487 930 2570 gubernatori
954 2488 1175 2550 communest
1198 2486 1284 2549 aliud
1306 2510 1363 2569 pu-

217 2586 276 2671 gili
304 2587 341 2649 de
369 2586 506 2671 integris
533 2588 729 2671 tegoribusl.
781 2588 880 2653 Aliud
907 2588 1086 2671 prandendi
1120 2591 1263 2670 tempus,
1300 2588 1364 2651 alia

217 2689 346 2771 lavatio,
371 2688 452 2751 alius
475 2710 615 2773 somnus,
641 2689 703 2753 alia
726 2689 940 2774 pervigilatio

303 2789 476 2855 Considera
503 2790 619 2875 igitur,
651 2813 693 2854 an
720 2792 755 2855 in
782 2791 844 2855 hao
874 2793 1014 2856 secunda
1036 2792 1162 2856 ratione
1184 2791 1364 2855 officiorum

219 2891 421 2955 contineatur
448 2892 648 2977 eloquentiae
675 2893 827 2956 studium.
873 2893 958 2956 Nam
987 2892 1160 2957 (laesarum
1189 2896 1238 2956 est
1259 2893 1294 2956 in
1317 2914 1364 2957 se-

217 2998 296 3058 natu
319 3016 440 3077 quaere
462 3017 496 3057 re
519 2997 596 3057 sunt
618 2995 766 3076 suadere,
796 2995 951 3078 populum
979 2995 1018 3059 de
1039 2994 1201 3079 plerisque
1223 2996 1363 3079 negotiis

206 3096 252 3164 xin
280 3095 432 3158 oonoione
464 3094 640 3178 appellare,
673 3096 724 3179 ius
751 3095 909 3159 iniustum
945 3097 1103 3180 corrigere
1111 3097 1133 3179 ⁷,
1169 3118 1227 3180 per
1254 3096 1364 3159 orbem

303 3353 371 3402 aIn
388 3355 512 3417 murpine:
543 3349 637 3403 Prima
659 3349 812 3405 officiorum
835 3350 941 3420 speeies
965 3350 1111 3420 sapientis,
1139 3367 1236 3405 eorum
1260 3350 1365 3404 seilicet

218 3451 289 3502 quae
309 3434 345 3487 ad
363 3435 450 3487 vitam
469 3435 642 3503 salutemque
660 3436 809 3503 pertinent.
1389 3439 1391 3442 ’

302 3519 320 3570 b
339 3522 373 3571 In
391 3525 516 3586 nsarpine:
534 3518 655 3573 Prandio
675 3535 785 3573 comeso
805 3519 973 3589 sapientiam
991 3521 1108 3574 ructarit
1125 3522 1239 3575 nonest
1258 3519 1365 3590 sapien-

217 3601 273 3656 tiae
292 3620 382 3671 neque
401 3620 473 3671 quae
493 3603 552 3657 civo
571 3604 682 3657 ooustat
700 3621 760 3658 esse
779 3603 917 3673 sapientia
934 3620 990 3658 non
1006 3605 1108 3672 potest.

306 3705 320 3740 o
338 3691 371 3740 In
389 3694 513 3756 marpine:
533 3686 660 3741 Secunda
678 3690 783 3757 species
804 3688 947 3755 qualitatis
964 3688 1035 3742 haee
1053 3689 1103 3743 est.

303 3773 321 3824 d
339 3777 373 3825 In
390 3778 514 3841 margine:
546 3788 617 3838 quae
635 3774 755 3840 possunt
773 3773 897 3826 omnium
915 3790 975 3828 esse
994 3774 1164 3842 eommunia,
1187 3774 1237 3829 sed
1255 3775 1365 3828 diversa

219 3858 282 3909 sunt
300 3858 329 3909 et
341 3873 411 3923 quae
425 3857 582 3911 eommunia
600 3856 736 3911 omnibus.
773 3859 877 3924 [Maius
894 3863 957 3912 haee
972 3869 1104 3926 postrema
1121 3865 1147 3912 in
1165 3870 1237 3914 testu
1256 3862 1366 3928 posuit]
1408 3892 1410 3895 -

305 4081 317 4128 1
336 4075 466 4130 Fortasse
484 4075 632 4145 Dionysius
651 4076 799 4132 Frontonis
817 4078 959 4149 magister.
997 4084 1092 4134 Maius.

302 4160 381 4213 alta
399 4159 499 4215 Codex.
935 4183 938 4189 ’

303 4243 402 4298 3Maii
425 4246 544 4300 schedae
567 4246 737 4300 exhibebant
759 4267 875 4302 mensam.
911 4247 1088 4304 Heindorfius
1115 4249 1256 4303 tentabat:
1293 4247 1365 4313 Quid

217 4327 303 4394 igitur
325 4327 387 4381 istie
409 4329 600 4384 admonendus
623 4337 669 4384 es?
698 4348 733 4384 ue
760 4337 868 4385 studium
894 4332 947 4386 hoo
967 4341 1111 4402 sapientiae
1133 4343 1160 4387 io
1190 4332 1308 4402 prandio
1336 4334 1366 4387 et

219 4428 316 4464 mensa
334 4411 417 4465 situm
435 4413 585 4468 existimes.

302 4501 318 4548 4
337 4494 440 4566 Supple
459 4515 555 4552 versus
572 4505 687 4569 septem.
717 4498 908 4554 Heindorfius:
925 4499 1003 4556 vides
1021 4500 1109 4570 igitur
1124 4507 1209 4570 prima
1226 4506 1289 4555 haec
1307 4502 1365 4555 offi-

218 4580 261 4635 cia
279 4587 384 4635 111ηηί11
403 4601 459 4645 esse
477 4587 607 4638 homiuum.

303 4672 318 4718 5
336 4665 437 4734 Incipit
455 4666 521 4720 eod.
541 4685 567 4736 p.
590 4675 648 4723 396.

302 4757 317 4803 t
336 4751 379 4803 lta
398 4749 491 4804 Codex
507 4767 560 4820 pro
582 4759 725 4820 terporabus
742 4756 837 4809 vetere
856 4754 1066 4824 orthographia.
1103 4759 1201 4812 Maius.

303 4841 317 4888 7
336 4835 488 4904 Perperam
497 4835 587 4889 Maius
598 4836 678 4906 legit:
694 4845 836 4907 corripere.
856 4839 1097 4895 Codexevidenter
1106 4841 1194 4895 habet
1203 4841 1279 4909 quod
1290 4842 1362 4897 dedi.
