<?xml version="1.0" encoding="UTF-8"?>
<!DOCTYPE html PUBLIC "-//W3C//DTD XHTML 1.0 Transitional//EN"
    "http://www.w3.org/TR/xhtml1/DTD/xhtml1-transitional.dtd">
<html xmlns="http://www.w3.org/1999/xhtml" xml:lang="en" lang="en">
 <head>
  <title>
</title>
<meta http-equiv="Content-Type" content="text/html;charset=utf-8" />
  <meta name='ocr-system' content='tesseract 3.04.00' />
  <meta name='ocr-capabilities' content='ocr_page ocr_carea ocr_par ocr_line ocrx_word'/>
</head>
<body>
  <div class='ocr_page' id='page_1' title='image "./mcorneliifronto01frongoog/mcorneliifronto01frongoog_0132.png"; bbox 0 0 3300 5950; ppageno 0'>
   <div class='ocr_carea' id='block_1_1' title="bbox 283 775 1212 845">
    <p class='ocr_par' dir='ltr' id='par_1_1' title="bbox 283 730 1212 845">
     <span class='ocr_line' id='line_1_1' title="bbox 283 775 1212 845; baseline -0.001 -12"><span class='ocrx_word' id='word_1_1' title='bbox 283 780 324 845; x_wconf 75' lang='lat'>92</span> <span class='ocrx_word' id='word_1_2' title='bbox 493 778 529 833; x_wconf 90' lang='grc' dir='ltr'>Μ.</span> <span class='ocrx_word' id='word_1_3' title='bbox 545 776 713 833; x_wconf 80' lang='lat' dir='ltr'>CORNELII</span> <span class='ocrx_word' id='word_1_4' title='bbox 730 775 938 833; x_wconf 77' lang='lat' dir='ltr'>PRON&#39;I&#39;ONIS</span> <span class='ocrx_word' id='word_1_5' title='bbox 955 776 1212 833; x_wconf 83' lang='lat' dir='ltr'><strong>EPISTULARUM</strong></span> 
     </span>
    </p>
   </div>
   <div class='ocr_carea' id='block_1_2' title="bbox 283 945 1485 1115">
    <p class='ocr_par' dir='ltr' id='par_1_2' title="bbox 283 945 1485 1115">
     <span class='ocr_line' id='line_1_2' title="bbox 283 945 1485 1035; baseline 0.003 -22"><span class='ocrx_word' id='word_1_6' title='bbox 283 953 413 1013; x_wconf 85' lang='lat' dir='ltr'>uantur.</span> <span class='ocrx_word' id='word_1_7' title='bbox 462 948 547 1013; x_wconf 50' lang='lat' dir='ltr'>¹Vale</span> <span class='ocrx_word' id='word_1_8' title='bbox 575 949 619 1013; x_wconf 89' lang='lat' dir='ltr'>mi</span> <span class='ocrx_word' id='word_1_9' title='bbox 646 949 915 1035; x_wconf 76' lang='lat' dir='ltr'>iucundisl¹sime</span> <span class='ocrx_word' id='word_1_10' title='bbox 947 951 1112 1035; x_wconf 89' lang='lat' dir='ltr'>magister.</span> <span class='ocrx_word' id='word_1_11' title='bbox 1156 949 1262 1016; x_wconf 88' lang='lat' dir='ltr'>Mater</span> <span class='ocrx_word' id='word_1_12' title='bbox 1293 974 1365 1017; x_wconf 87' lang='lat' dir='ltr'>mea</span> <span class='ocrx_word' id='word_1_13' title='bbox 1392 955 1424 1017; x_wconf 89' lang='lat' dir='ltr'>te</span> <span class='ocrx_word' id='word_1_14' title='bbox 1481 945 1485 953; x_wconf 19' lang='lat' dir='ltr'>i</span> 
     </span>
     <span class='ocr_line' id='line_1_3' title="bbox 283 1051 637 1115; baseline -0.011 0"><span class='ocrx_word' id='word_1_15' title='bbox 283 1051 411 1115; x_wconf 88' lang='lat' dir='ltr'>salutat.</span> <span class='ocrx_word' id='word_1_16' title='bbox 635 1061 637 1069; x_wconf 80' lang='grc'>’</span> 
     </span>
    </p>
   </div>
   <div class='ocr_carea' id='block_1_3' title="bbox 622 1220 1088 1289">
    <p class='ocr_par' dir='ltr' id='par_1_3' title="bbox 622 1220 1088 1289">
     <span class='ocr_line' id='line_1_4' title="bbox 622 1220 1088 1289; baseline 0.006 -3"><span class='ocrx_word' id='word_1_17' title='bbox 622 1220 714 1286; x_wconf 84' lang='lat' dir='ltr'>LVI.</span> <span class='ocrx_word' id='word_1_18' title='bbox 738 1220 792 1286; x_wconf 75' lang='lat'>71.</span> <span class='ocrx_word' id='word_1_19' title='bbox 820 1221 979 1288; x_wconf 79' lang='lat' dir='ltr'>Domino</span> <span class='ocrx_word' id='word_1_20' title='bbox 1001 1222 1088 1289; x_wconf 84' lang='lat' dir='ltr'>Meo.</span> 
     </span>
    </p>
   </div>
   <div class='ocr_carea' id='block_1_4' title="bbox 283 1356 1424 1544">
    <p class='ocr_par' dir='ltr' id='par_1_4' title="bbox 283 1356 1424 1544">
     <span class='ocr_line' id='line_1_5' title="bbox 367 1356 1424 1443; baseline 0.003 -23"><span class='ocrx_word' id='word_1_21' title='bbox 367 1358 488 1421; x_wconf 79' lang='lat' dir='ltr'>Fauces</span> <span class='ocrx_word' id='word_1_22' title='bbox 510 1358 642 1420; x_wconf 91' lang='lat' dir='ltr'>miseras</span> <span class='ocrx_word' id='word_1_23' title='bbox 664 1356 781 1439; x_wconf 81' lang='lat' dir='ltr'>habe03</span> <span class='ocrx_word' id='word_1_24' title='bbox 804 1358 889 1421; x_wconf 89' lang='lat' dir='ltr'>unde</span> <span class='ocrx_word' id='word_1_25' title='bbox 912 1358 1007 1421; x_wconf 88' lang='lat' dir='ltr'>etiam</span> <span class='ocrx_word' id='word_1_26' title='bbox 1034 1359 1116 1423; x_wconf 90' lang='lat' dir='ltr'>calui</span> <span class='ocrx_word' id='word_1_27' title='bbox 1137 1382 1195 1443; x_wconf 90' lang='lat' dir='ltr'>per</span> <span class='ocrx_word' id='word_1_28' title='bbox 1216 1363 1353 1423; x_wconf 90' lang='lat' dir='ltr'>noctem.</span> <span class='ocrx_word' id='word_1_29' title='bbox 1385 1360 1424 1423; x_wconf 90' lang='lat' dir='ltr'>ln</span> 
     </span>
     <span class='ocr_line' id='line_1_6' title="bbox 283 1458 1374 1544; baseline 0.002 -21"><span class='ocrx_word' id='word_1_30' title='bbox 283 1480 370 1544; x_wconf 86' lang='lat' dir='ltr'>genu</span> <span class='ocrx_word' id='word_1_31' title='bbox 392 1459 480 1523; x_wconf 91' lang='lat' dir='ltr'>dolor</span> <span class='ocrx_word' id='word_1_32' title='bbox 502 1461 552 1523; x_wconf 88' lang='lat' dir='ltr'>est</span> <span class='ocrx_word' id='word_1_33' title='bbox 573 1459 724 1522; x_wconf 91' lang='lat' dir='ltr'>modicus.</span> <span class='ocrx_word' id='word_1_34' title='bbox 769 1458 852 1523; x_wconf 82' lang='lat' dir='ltr'>Vale</span> <span class='ocrx_word' id='word_1_35' title='bbox 874 1459 1020 1524; x_wconf 87' lang='lat' dir='ltr'>Domine.</span> <span class='ocrx_word' id='word_1_36' title='bbox 1066 1461 1239 1524; x_wconf 83' lang='lat' dir='ltr'><strong>Dominam</strong></span> <span class='ocrx_word' id='word_1_37' title='bbox 1260 1462 1374 1525; x_wconf 88' lang='lat' dir='ltr'>saluta.</span> 
     </span>
    </p>
   </div>
   <div class='ocr_carea' id='block_1_5' title="bbox 598 1713 1107 1796">
    <p class='ocr_par' dir='ltr' id='par_1_5' title="bbox 598 1713 1107 1796">
     <span class='ocr_line' id='line_1_7' title="bbox 598 1713 1107 1796; baseline -0.002 -17"><span class='ocrx_word' id='word_1_38' title='bbox 598 1713 712 1781; x_wconf 82' lang='lat' dir='ltr'>LVII.</span> <span class='ocrx_word' id='word_1_39' title='bbox 737 1714 792 1779; x_wconf 76' lang='lat'>72.</span> <span class='ocrx_word' id='word_1_40' title='bbox 825 1714 998 1796; x_wconf 83' lang='lat' dir='ltr'>Magistro</span> <span class='ocrx_word' id='word_1_41' title='bbox 1019 1714 1107 1779; x_wconf 82' lang='lat' dir='ltr'>Meo.</span> 
     </span>
    </p>
   </div>
   <div class='ocr_carea' id='block_1_6' title="bbox 282 1849 1424 2322">
    <p class='ocr_par' dir='ltr' id='par_1_6' title="bbox 282 1849 1424 2322">
     <span class='ocr_line' id='line_1_8' title="bbox 366 1849 1422 1934; baseline 0.001 -20"><span class='ocrx_word' id='word_1_42' title='bbox 366 1851 436 1914; x_wconf 87' lang='lat' dir='ltr'>Iam</span> <span class='ocrx_word' id='word_1_43' title='bbox 469 1850 571 1914; x_wconf 91' lang='lat' dir='ltr'>habeo</span> <span class='ocrx_word' id='word_1_44' title='bbox 605 1849 689 1934; x_wconf 89' lang='lat' dir='ltr'>quod</span> <span class='ocrx_word' id='word_1_45' title='bbox 721 1850 860 1933; x_wconf 90' lang='lat' dir='ltr'>primum</span> <span class='ocrx_word' id='word_1_46' title='bbox 894 1853 926 1913; x_wconf 89' lang='lat' dir='ltr'>et</span> <span class='ocrx_word' id='word_1_47' title='bbox 952 1850 1160 1934; x_wconf 89' lang='lat' dir='ltr'>praecipuum</span> <span class='ocrx_word' id='word_1_48' title='bbox 1188 1851 1422 1915; x_wconf 83' lang='lat' dir='ltr'>desiderabam:</span> 
     </span>
     <span class='ocr_line' id='line_1_9' title="bbox 282 1951 1421 2038; baseline 0.002 -22"><span class='ocrx_word' id='word_1_49' title='bbox 282 1954 400 2017; x_wconf 85' lang='lat' dir='ltr'>desisse</span> <span class='ocrx_word' id='word_1_50' title='bbox 422 1952 611 2016; x_wconf 78' lang='lat' dir='ltr'>febriculam</span> <span class='ocrx_word' id='word_1_51' title='bbox 634 1951 749 2035; x_wconf 86' lang='lat' dir='ltr'>colligo</span> <span class='ocrx_word' id='word_1_52' title='bbox 772 1973 810 2015; x_wconf 88' lang='lat' dir='ltr'>ex</span> <span class='ocrx_word' id='word_1_53' title='bbox 825 1952 944 2015; x_wconf 89' lang='lat' dir='ltr'>litteris</span> <span class='ocrx_word' id='word_1_54' title='bbox 966 1952 1040 2015; x_wconf 78' lang='lat' dir='ltr'>tuis,</span> <span class='ocrx_word' id='word_1_55' title='bbox 1063 1951 1170 2035; x_wconf 79' lang='lat' dir='ltr'>Nune,</span> <span class='ocrx_word' id='word_1_56' title='bbox 1193 1953 1236 2017; x_wconf 91' lang='lat' dir='ltr'>mi</span> <span class='ocrx_word' id='word_1_57' title='bbox 1257 1954 1421 2038; x_wconf 80' lang='lat' dir='ltr'>magister,</span> 
     </span>
     <span class='ocr_line' id='line_1_10' title="bbox 282 2053 1424 2138; baseline 0.002 -21"><span class='ocrx_word' id='word_1_58' title='bbox 282 2055 366 2137; x_wconf 90' lang='lat' dir='ltr'>quod</span> <span class='ocrx_word' id='word_1_59' title='bbox 394 2055 433 2117; x_wconf 89' lang='lat' dir='ltr'>ad</span> <span class='ocrx_word' id='word_1_60' title='bbox 460 2054 569 2117; x_wconf 87' lang='lat' dir='ltr'>fauces</span> <span class='ocrx_word' id='word_1_61' title='bbox 598 2053 737 2135; x_wconf 86' lang='lat' dir='ltr'>adtinet,</span> <span class='ocrx_word' id='word_1_62' title='bbox 775 2053 866 2116; x_wconf 85' lang='lat' dir='ltr'>brebi</span> <span class='ocrx_word' id='word_1_63' title='bbox 899 2054 1115 2136; x_wconf 74' lang='lat' dir='ltr'>temperantia</span> <span class='ocrx_word' id='word_1_64' title='bbox 1146 2054 1358 2138; x_wconf 66' lang='lat' dir='ltr'>appelletur23</span> <span class='ocrx_word' id='word_1_65' title='bbox 1392 2059 1424 2119; x_wconf 89' lang='lat' dir='ltr'>et</span> 
     </span>
     <span class='ocr_line' id='line_1_11' title="bbox 282 2153 1423 2241; baseline 0.002 -22"><span class='ocrx_word' id='word_1_66' title='bbox 282 2155 361 2219; x_wconf 90' lang='lat' dir='ltr'>mihi</span> <span class='ocrx_word' id='word_1_67' title='bbox 384 2158 437 2219; x_wconf 78' lang='lat' dir='ltr'>at3</span> <span class='ocrx_word' id='word_1_68' title='bbox 458 2156 583 2239; x_wconf 85' lang='lat' dir='ltr'>plenior</span> <span class='ocrx_word' id='word_1_69' title='bbox 604 2155 738 2218; x_wconf 87' lang='lat' dir='ltr'>nuntius</span> <span class='ocrx_word' id='word_1_70' title='bbox 760 2156 877 2218; x_wconf 85' lang='lat' dir='ltr'>veniet.</span> <span class='ocrx_word' id='word_1_71' title='bbox 917 2153 999 2217; x_wconf 86' lang='lat' dir='ltr'>Vale</span> <span class='ocrx_word' id='word_1_72' title='bbox 1021 2156 1065 2219; x_wconf 90' lang='lat' dir='ltr'>mi</span> <span class='ocrx_word' id='word_1_73' title='bbox 1087 2157 1247 2241; x_wconf 82' lang='lat' dir='ltr'>magister·</span> <span class='ocrx_word' id='word_1_74' title='bbox 1263 2157 1423 2221; x_wconf 90' lang='lat' dir='ltr'>iucundis-</span> 
     </span>
     <span class='ocr_line' id='line_1_12' title="bbox 283 2256 918 2322; baseline -0.003 -1"><span class='ocrx_word' id='word_1_75' title='bbox 283 2259 361 2322; x_wconf 89' lang='lat' dir='ltr'>sime</span> <span class='ocrx_word' id='word_1_76' title='bbox 382 2256 472 2321; x_wconf 90' lang='lat' dir='ltr'>mihi.</span> <span class='ocrx_word' id='word_1_77' title='bbox 516 2256 621 2320; x_wconf 86' lang='lat' dir='ltr'>Mater</span> <span class='ocrx_word' id='word_1_78' title='bbox 642 2278 713 2320; x_wconf 90' lang='lat' dir='ltr'>mea</span> <span class='ocrx_word' id='word_1_79' title='bbox 735 2259 767 2319; x_wconf 87' lang='lat' dir='ltr'>te</span> <span class='ocrx_word' id='word_1_80' title='bbox 790 2256 918 2319; x_wconf 88' lang='lat' dir='ltr'>salutat.</span> 
     </span>
    </p>
   </div>
   <div class='ocr_carea' id='block_1_7' title="bbox 594 2476 1103 2609">
    <p class='ocr_par' dir='ltr' id='par_1_7' title="bbox 594 2476 1103 2609">
     <span class='ocr_line' id='line_1_13' title="bbox 594 2476 1103 2609; baseline -0.004 -32"><span class='ocrx_word' id='word_1_81' title='bbox 594 2509 729 2577; x_wconf 78' lang='lat' dir='ltr'>urin.</span> <span class='ocrx_word' id='word_1_82' title='bbox 754 2511 809 2609; x_wconf 81' lang='grc'>13.</span> <span class='ocrx_word' id='word_1_83' title='bbox 843 2476 994 2577; x_wconf 71' lang='lat' dir='ltr'>asinino</span> <span class='ocrx_word' id='word_1_84' title='bbox 1015 2510 1103 2577; x_wconf 74' lang='lat' dir='ltr'>neo.</span> 
     </span>
    </p>
   </div>
   <div class='ocr_carea' id='block_1_8' title="bbox 282 2645 1424 2935">
    <p class='ocr_par' dir='ltr' id='par_1_8' title="bbox 282 2645 1424 2935">
     <span class='ocr_line' id='line_1_14' title="bbox 367 2645 1424 2731; baseline 0.001 -21"><span class='ocrx_word' id='word_1_85' title='bbox 367 2646 509 2711; x_wconf 76' lang='lat' dir='ltr'>Venatus</span> <span class='ocrx_word' id='word_1_86' title='bbox 532 2669 612 2731; x_wconf 83' lang='lat' dir='ltr'>sum,</span> <span class='ocrx_word' id='word_1_87' title='bbox 636 2645 783 2729; x_wconf 82' lang='lat' dir='ltr'>Domine,</span> <span class='ocrx_word' id='word_1_88' title='bbox 812 2651 907 2712; x_wconf 91' lang='lat' dir='ltr'>nocte</span> <span class='ocrx_word' id='word_1_89' title='bbox 934 2648 1047 2711; x_wconf 88' lang='lat' dir='ltr'>diffuso</span> <span class='ocrx_word' id='word_1_90' title='bbox 1073 2647 1179 2711; x_wconf 90' lang='lat' dir='ltr'>dolore</span> <span class='ocrx_word' id='word_1_91' title='bbox 1201 2669 1259 2731; x_wconf 89' lang='lat' dir='ltr'>per</span> <span class='ocrx_word' id='word_1_92' title='bbox 1280 2670 1424 2711; x_wconf 90' lang='lat' dir='ltr'>umerum</span> 
     </span>
     <span class='ocr_line' id='line_1_15' title="bbox 283 2748 1423 2834; baseline 0.001 -22"><span class='ocrx_word' id='word_1_93' title='bbox 283 2752 316 2812; x_wconf 90' lang='lat' dir='ltr'>et</span> <span class='ocrx_word' id='word_1_94' title='bbox 339 2750 481 2813; x_wconf 90' lang='lat' dir='ltr'>cubitum</span> <span class='ocrx_word' id='word_1_95' title='bbox 509 2751 541 2812; x_wconf 89' lang='lat' dir='ltr'>et</span> <span class='ocrx_word' id='word_1_96' title='bbox 568 2770 654 2834; x_wconf 83' lang='lat' dir='ltr'>genu</span> <span class='ocrx_word' id='word_1_97' title='bbox 681 2753 714 2812; x_wconf 87' lang='lat' dir='ltr'>et</span> <span class='ocrx_word' id='word_1_98' title='bbox 742 2748 851 2813; x_wconf 91' lang='lat' dir='ltr'>talum.</span> <span class='ocrx_word' id='word_1_99' title='bbox 896 2748 1043 2831; x_wconf 87' lang='lat' dir='ltr'>Denique</span> <span class='ocrx_word' id='word_1_100' title='bbox 1070 2748 1103 2812; x_wconf 91' lang='lat' dir='ltr'>id</span> <span class='ocrx_word' id='word_1_101' title='bbox 1130 2750 1236 2832; x_wconf 89' lang='lat' dir='ltr'>ipsum</span> <span class='ocrx_word' id='word_1_102' title='bbox 1263 2750 1323 2812; x_wconf 90' lang='lat' dir='ltr'>tibi</span> <span class='ocrx_word' id='word_1_103' title='bbox 1352 2773 1423 2813; x_wconf 89' lang='lat' dir='ltr'>mea</span> 
     </span>
     <span class='ocr_line' id='line_1_16' title="bbox 282 2851 768 2935; baseline 0.002 -21"><span class='ocrx_word' id='word_1_104' title='bbox 282 2852 399 2914; x_wconf 76' lang='lat' dir='ltr'>manu⁴</span> <span class='ocrx_word' id='word_1_105' title='bbox 422 2851 559 2916; x_wconf 88' lang='lat' dir='ltr'>scribere</span> <span class='ocrx_word' id='word_1_106' title='bbox 581 2872 647 2915; x_wconf 90' lang='lat' dir='ltr'>non</span> <span class='ocrx_word' id='word_1_107' title='bbox 669 2852 768 2935; x_wconf 91' lang='lat' dir='ltr'>potui.</span> 
     </span>
    </p>
   </div>
   <div class='ocr_carea' id='block_1_9' title="bbox 477 3088 1228 3187">
    <p class='ocr_par' dir='ltr' id='par_1_9' title="bbox 477 3088 1228 3187">
     <span class='ocr_line' id='line_1_17' title="bbox 477 3088 1228 3187; baseline -0.001 -15"><span class='ocrx_word' id='word_1_108' title='bbox 477 3107 576 3172; x_wconf 83' lang='lat' dir='ltr'>mx.</span> <span class='ocrx_word' id='word_1_109' title='bbox 602 3106 657 3172; x_wconf 81' lang='grc'>14.</span> <span class='ocrx_word' id='word_1_110' title='bbox 690 3088 790 3172; x_wconf 74' lang='lat' dir='ltr'>aava</span> <span class='ocrx_word' id='word_1_111' title='bbox 811 3106 863 3170; x_wconf 81' lang='lat' dir='ltr'>mr</span> <span class='ocrx_word' id='word_1_112' title='bbox 884 3106 1059 3187; x_wconf 67' lang='lat' dir='ltr'>magistu·</span> <span class='ocrx_word' id='word_1_113' title='bbox 1081 3105 1228 3187; x_wconf 74' lang='lat' dir='ltr'>optime.</span> 
     </span>
    </p>
   </div>
   <div class='ocr_carea' id='block_1_10' title="bbox 283 3219 1490 4038">
    <p class='ocr_par' dir='ltr' id='par_1_10' title="bbox 283 3219 1490 4038">
     <span class='ocr_line' id='line_1_18' title="bbox 367 3219 1424 3328; baseline 0 -21"><span class='ocrx_word' id='word_1_114' title='bbox 367 3244 481 3328; x_wconf 81' lang='lat' dir='ltr'>Egone</span> <span class='ocrx_word' id='word_1_115' title='bbox 504 3246 540 3306; x_wconf 93' lang='lat' dir='ltr'>ut</span> <span class='ocrx_word' id='word_1_116' title='bbox 562 3243 717 3324; x_wconf 81' lang='lat' dir='ltr'>studeam,</span> <span class='ocrx_word' id='word_1_117' title='bbox 742 3263 814 3305; x_wconf 90' lang='lat' dir='ltr'>cum</span> <span class='ocrx_word' id='word_1_118' title='bbox 836 3244 872 3304; x_wconf 89' lang='lat' dir='ltr'>tu</span> <span class='ocrx_word' id='word_1_119' title='bbox 895 3240 1024 3304; x_wconf 80' lang='lat' dir='ltr'>doleas?</span> <span class='ocrx_word' id='word_1_120' title='bbox 1050 3219 1239 3324; x_wconf 80' lang='lat' dir='ltr'>praesertim</span> <span class='ocrx_word' id='word_1_121' title='bbox 1261 3264 1332 3306; x_wconf 91' lang='lat' dir='ltr'>cum</span> <span class='ocrx_word' id='word_1_122' title='bbox 1353 3266 1424 3307; x_wconf 91' lang='lat' dir='ltr'>mea</span> 
     </span>
     <span class='ocr_line' id='line_1_19' title="bbox 285 3343 1424 3427; baseline -0.002 -18"><span class='ocrx_word' id='word_1_123' title='bbox 285 3367 379 3410; x_wconf 91' lang='lat' dir='ltr'>eausa</span> <span class='ocrx_word' id='word_1_124' title='bbox 401 3344 532 3408; x_wconf 82' lang='lat' dir='ltr'>doleas?</span> <span class='ocrx_word' id='word_1_125' title='bbox 558 3367 624 3408; x_wconf 91' lang='lat' dir='ltr'>non</span> <span class='ocrx_word' id='word_1_126' title='bbox 652 3366 703 3407; x_wconf 88' lang='lat' dir='ltr'>me</span> <span class='ocrx_word' id='word_1_127' title='bbox 730 3343 877 3406; x_wconf 90' lang='lat' dir='ltr'>omnibus</span> <span class='ocrx_word' id='word_1_128' title='bbox 904 3343 1112 3407; x_wconf 80' lang='lat' dir='ltr'>incommodis</span> <span class='ocrx_word' id='word_1_129' title='bbox 1135 3346 1248 3426; x_wconf 86' lang='lat' dir='ltr'>sponte</span> <span class='ocrx_word' id='word_1_130' title='bbox 1275 3344 1343 3427; x_wconf 90' lang='lat' dir='ltr'>ipse</span> <span class='ocrx_word' id='word_1_131' title='bbox 1372 3347 1424 3407; x_wconf 92' lang='lat' dir='ltr'>ad-</span> 
     </span>
     <span class='ocr_line' id='line_1_20' title="bbox 283 3443 1422 3529; baseline -0.001 -19"><span class='ocrx_word' id='word_1_132' title='bbox 283 3446 425 3511; x_wconf 80' lang='lat' dir='ltr'>flictem‘?</span> <span class='ocrx_word' id='word_1_133' title='bbox 447 3448 560 3510; x_wconf 88' lang='lat' dir='ltr'>merito</span> <span class='ocrx_word' id='word_1_134' title='bbox 582 3445 719 3510; x_wconf 90' lang='lat' dir='ltr'>hercule.</span> <span class='ocrx_word' id='word_1_135' title='bbox 754 3443 831 3519; x_wconf 78' lang='lat' dir='ltr'>Quis</span> <span class='ocrx_word' id='word_1_136' title='bbox 854 3445 940 3508; x_wconf 88' lang='lat' dir='ltr'>enim</span> <span class='ocrx_word' id='word_1_137' title='bbox 961 3444 1022 3508; x_wconf 91' lang='lat' dir='ltr'>tibi</span> <span class='ocrx_word' id='word_1_138' title='bbox 1045 3445 1125 3508; x_wconf 91' lang='lat' dir='ltr'>alius</span> <span class='ocrx_word' id='word_1_139' title='bbox 1148 3445 1287 3508; x_wconf 90' lang='lat' dir='ltr'>dolorem</span> <span class='ocrx_word' id='word_1_140' title='bbox 1309 3467 1422 3529; x_wconf 77' lang='lat' dir='ltr'>genua,</span> 
     </span>
     <span class='ocr_line' id='line_1_21' title="bbox 284 3546 1424 3632; baseline -0.002 -20"><span class='ocrx_word' id='word_1_141' title='bbox 284 3571 378 3632; x_wconf 90' lang='lat' dir='ltr'>quem</span> <span class='ocrx_word' id='word_1_142' title='bbox 401 3549 512 3612; x_wconf 89' lang='lat' dir='ltr'>scribis</span> <span class='ocrx_word' id='word_1_143' title='bbox 534 3551 628 3612; x_wconf 90' lang='lat' dir='ltr'>nocte</span> <span class='ocrx_word' id='word_1_144' title='bbox 650 3569 805 3632; x_wconf 83' lang='lat' dir='ltr'>proxuma</span> <span class='ocrx_word' id='word_1_145' title='bbox 828 3550 966 3628; x_wconf 82' lang='lat' dir='ltr'>auctum,</span> <span class='ocrx_word' id='word_1_146' title='bbox 996 3546 1067 3629; x_wconf 90' lang='lat' dir='ltr'>quis</span> <span class='ocrx_word' id='word_1_147' title='bbox 1093 3546 1174 3610; x_wconf 89' lang='lat' dir='ltr'>alius</span> <span class='ocrx_word' id='word_1_148' title='bbox 1197 3569 1269 3610; x_wconf 90' lang='lat' dir='ltr'>eum</span> <span class='ocrx_word' id='word_1_149' title='bbox 1292 3548 1424 3611; x_wconf 89' lang='lat' dir='ltr'>suscita-</span> 
     </span>
     <span class='ocr_line' id='line_1_22' title="bbox 283 3647 1490 3733; baseline -0.001 -19"><span class='ocrx_word' id='word_1_150' title='bbox 283 3653 340 3733; x_wconf 84' lang='lat' dir='ltr'>vit,</span> <span class='ocrx_word' id='word_1_151' title='bbox 370 3651 433 3714; x_wconf 91' lang='lat' dir='ltr'>nisi</span> <span class='ocrx_word' id='word_1_152' title='bbox 457 3649 709 3732; x_wconf 80' lang='lat' dir='ltr'>Centumcellae,</span> <span class='ocrx_word' id='word_1_153' title='bbox 739 3672 780 3713; x_wconf 91' lang='lat' dir='ltr'>ne</span> <span class='ocrx_word' id='word_1_154' title='bbox 807 3670 858 3711; x_wconf 90' lang='lat' dir='ltr'>me</span> <span class='ocrx_word' id='word_1_155' title='bbox 886 3648 1013 3712; x_wconf 83' lang='lat' dir='ltr'>dicam?</span> <span class='ocrx_word' id='word_1_156' title='bbox 1056 3647 1138 3723; x_wconf 82' lang='lat' dir='ltr'>Quid</span> <span class='ocrx_word' id='word_1_157' title='bbox 1165 3649 1266 3733; x_wconf 84' lang='lat' dir='ltr'>igitur</span> <span class='ocrx_word' id='word_1_158' title='bbox 1293 3649 1422 3732; x_wconf 85' lang='lat' dir='ltr'>faciam,</span> <span class='ocrx_word' id='word_1_159' title='bbox 1487 3674 1490 3678; x_wconf 77' lang='grc'>’</span> 
     </span>
     <span class='ocr_line' id='line_1_23' title="bbox 284 3749 1425 3836; baseline -0.003 -20"><span class='ocrx_word' id='word_1_160' title='bbox 284 3754 338 3836; x_wconf 93' lang='lat' dir='ltr'>qui</span> <span class='ocrx_word' id='word_1_161' title='bbox 360 3774 420 3816; x_wconf 90' lang='lat' dir='ltr'>nec</span> <span class='ocrx_word' id='word_1_162' title='bbox 442 3756 475 3815; x_wconf 87' lang='lat' dir='ltr'>te</span> <span class='ocrx_word' id='word_1_163' title='bbox 497 3753 587 3815; x_wconf 79' lang='lat' dir='ltr'>video</span> <span class='ocrx_word' id='word_1_164' title='bbox 611 3755 642 3815; x_wconf 92' lang='lat' dir='ltr'>et</span> <span class='ocrx_word' id='word_1_165' title='bbox 663 3754 755 3814; x_wconf 87' lang='lat' dir='ltr'>tanto</span> <span class='ocrx_word' id='word_1_166' title='bbox 779 3749 1136 3836; x_wconf 71' lang='lat' dir='ltr'>angorel⁵discruciorl</span> <span class='ocrx_word' id='word_1_167' title='bbox 1168 3750 1260 3813; x_wconf 85' lang='lat' dir='ltr'>Adde</span> <span class='ocrx_word' id='word_1_168' title='bbox 1282 3772 1319 3814; x_wconf 93' lang='lat' dir='ltr'>eo</span> <span class='ocrx_word' id='word_1_169' title='bbox 1341 3753 1425 3835; x_wconf 92' lang='lat' dir='ltr'>quod</span> 
     </span>
     <span class='ocr_line' id='line_1_24' title="bbox 285 3851 1424 3936; baseline -0.001 -20"><span class='ocrx_word' id='word_1_170' title='bbox 285 3853 409 3916; x_wconf 89' lang='lat' dir='ltr'>etiamsi</span> <span class='ocrx_word' id='word_1_171' title='bbox 431 3853 530 3916; x_wconf 91' lang='lat' dir='ltr'>libeat</span> <span class='ocrx_word' id='word_1_172' title='bbox 552 3853 689 3934; x_wconf 87' lang='lat' dir='ltr'>studere,</span> <span class='ocrx_word' id='word_1_173' title='bbox 712 3852 831 3916; x_wconf 88' lang='lat' dir='ltr'>iudicia</span> <span class='ocrx_word' id='word_1_174' title='bbox 852 3851 1035 3934; x_wconf 75' lang='lat' dir='ltr'>prohibent,</span> <span class='ocrx_word' id='word_1_175' title='bbox 1060 3873 1150 3935; x_wconf 83' lang='lat' dir='ltr'>quae,</span> <span class='ocrx_word' id='word_1_176' title='bbox 1175 3856 1211 3914; x_wconf 95' lang='lat' dir='ltr'>ut</span> <span class='ocrx_word' id='word_1_177' title='bbox 1236 3853 1348 3916; x_wconf 92' lang='lat' dir='ltr'>dicunt</span> <span class='ocrx_word' id='word_1_178' title='bbox 1370 3853 1424 3936; x_wconf 93' lang='lat' dir='ltr'>qui</span> 
     </span>
     <span class='ocr_line' id='line_1_25' title="bbox 284 3951 1427 4038; baseline 0.002 -20"><span class='ocrx_word' id='word_1_179' title='bbox 284 3955 400 4038; x_wconf 88' lang='lat' dir='ltr'>sciunt,</span> <span class='ocrx_word' id='word_1_180' title='bbox 425 3955 491 4018; x_wconf 91' lang='lat' dir='ltr'>dies</span> <span class='ocrx_word' id='word_1_181' title='bbox 513 3958 598 4018; x_wconf 89' lang='lat' dir='ltr'>totos</span> <span class='ocrx_word' id='word_1_182' title='bbox 620 3955 789 4018; x_wconf 70' lang='lat' dir='ltr'>eximentss.</span> <span class='ocrx_word' id='word_1_183' title='bbox 820 3952 896 4016; x_wconf 91' lang='lat' dir='ltr'>Misi</span> <span class='ocrx_word' id='word_1_184' title='bbox 917 3957 1027 4016; x_wconf 86' lang='lat' dir='ltr'>tamen</span> <span class='ocrx_word' id='word_1_185' title='bbox 1048 3953 1109 4017; x_wconf 87' lang='lat' dir='ltr'>tibi</span> <span class='ocrx_word' id='word_1_186' title='bbox 1131 3951 1318 4017; x_wconf 89' lang='lat' dir='ltr'>hodiernam</span> <span class='ocrx_word' id='word_1_187' title='bbox 1340 3957 1427 4030; x_wconf 69' lang='grc' dir='ltr'>γνώί</span> 
     </span>
    </p>
   </div>
   <div class='ocr_carea' id='block_1_11' title="bbox 284 4241 1424 4891">
    <p class='ocr_par' dir='ltr' id='par_1_11' title="bbox 370 4241 787 4311">
     <span class='ocr_line' id='line_1_26' title="bbox 370 4241 787 4311; baseline -0.005 -15"><span class='ocrx_word' id='word_1_188' title='bbox 370 4250 382 4296; x_wconf 88' lang='grc'>1</span> <span class='ocrx_word' id='word_1_189' title='bbox 401 4243 502 4311; x_wconf 88' lang='lat' dir='ltr'>Incipit</span> <span class='ocrx_word' id='word_1_190' title='bbox 521 4242 586 4297; x_wconf 88' lang='lat' dir='ltr'>Cod.</span> <span class='ocrx_word' id='word_1_191' title='bbox 605 4241 669 4296; x_wconf 85' lang='lat' dir='ltr'>Vat.</span> <span class='ocrx_word' id='word_1_192' title='bbox 688 4248 787 4311; x_wconf 85' lang='lat' dir='ltr'>p.109.</span> 
     </span>
    </p>

    <p class='ocr_par' dir='ltr' id='par_1_12' title="bbox 284 4324 1424 4476">
     <span class='ocr_line' id='line_1_27' title="bbox 369 4324 1424 4395; baseline -0.001 -14"><span class='ocrx_word' id='word_1_193' title='bbox 369 4335 384 4381; x_wconf 75' lang='lat'>2</span> <span class='ocrx_word' id='word_1_194' title='bbox 403 4329 446 4381; x_wconf 86' lang='lat' dir='ltr'>Ita</span> <span class='ocrx_word' id='word_1_195' title='bbox 464 4328 605 4381; x_wconf 85' lang='lat' dir='ltr'>evidenter</span> <span class='ocrx_word' id='word_1_196' title='bbox 624 4325 724 4380; x_wconf 84' lang='lat' dir='ltr'>Codex.</span> <span class='ocrx_word' id='word_1_197' title='bbox 762 4325 933 4395; x_wconf 84' lang='lat' dir='ltr'>Schopenus:</span> <span class='ocrx_word' id='word_1_198' title='bbox 952 4330 1022 4380; x_wconf 79' lang='lat' dir='ltr'>brevi</span> <span class='ocrx_word' id='word_1_199' title='bbox 1039 4324 1116 4379; x_wconf 88' lang='lat' dir='ltr'>dolor</span> <span class='ocrx_word' id='word_1_200' title='bbox 1130 4331 1299 4394; x_wconf 73' lang='lat' dir='ltr'>temperantia</span> <span class='ocrx_word' id='word_1_201' title='bbox 1316 4333 1424 4395; x_wconf 76' lang='lat' dir='ltr'>asperle-</span> 
     </span>
     <span class='ocr_line' id='line_1_28' title="bbox 284 4413 857 4476; baseline -0.002 -11"><span class='ocrx_word' id='word_1_202' title='bbox 284 4425 333 4476; x_wconf 75' lang='grc' dir='ltr'>ίαν,</span> <span class='ocrx_word' id='word_1_203' title='bbox 352 4424 376 4466; x_wconf 79' lang='lat' dir='ltr'>et</span> <span class='ocrx_word' id='word_1_204' title='bbox 394 4417 454 4465; x_wconf 77' lang='lat' dir='ltr'>aridi</span> <span class='ocrx_word' id='word_1_205' title='bbox 470 4429 487 4466; x_wconf 92' lang='lat' dir='ltr'>a</span> <span class='ocrx_word' id='word_1_206' title='bbox 504 4413 532 4465; x_wconf 87' lang='lat' dir='ltr'>te</span> <span class='ocrx_word' id='word_1_207' title='bbox 551 4419 633 4466; x_wconf 83' lang='lat' dir='ltr'>Iear&#39;or</span> <span class='ocrx_word' id='word_1_208' title='bbox 650 4417 749 4465; x_wconf 74' lang='lat' dir='ltr'>nicatius</span> <span class='ocrx_word' id='word_1_209' title='bbox 767 4417 857 4465; x_wconf 78' lang='lat' dir='ltr'>veniet.</span> 
     </span>
    </p>

    <p class='ocr_par' dir='ltr' id='par_1_13' title="bbox 369 4496 563 4552">
     <span class='ocr_line' id='line_1_29' title="bbox 369 4496 563 4552; baseline -0.01 0"><span class='ocrx_word' id='word_1_210' title='bbox 369 4497 445 4552; x_wconf 84' lang='lat' dir='ltr'>3Ita</span> <span class='ocrx_word' id='word_1_211' title='bbox 463 4496 563 4551; x_wconf 84' lang='lat' dir='ltr'>Codex.</span> 
     </span>
    </p>

    <p class='ocr_par' dir='ltr' id='par_1_14' title="bbox 368 4581 698 4651">
     <span class='ocr_line' id='line_1_30' title="bbox 368 4581 698 4651; baseline -0.003 -15"><span class='ocrx_word' id='word_1_212' title='bbox 368 4589 384 4636; x_wconf 84' lang='lat'>4</span> <span class='ocrx_word' id='word_1_213' title='bbox 402 4581 467 4635; x_wconf 91' lang='lat' dir='ltr'>Cod.</span> <span class='ocrx_word' id='word_1_214' title='bbox 487 4601 529 4651; x_wconf 89' lang='lat' dir='ltr'>pr.</span> <span class='ocrx_word' id='word_1_215' title='bbox 548 4601 584 4635; x_wconf 91' lang='lat' dir='ltr'>m.</span> <span class='ocrx_word' id='word_1_216' title='bbox 603 4601 698 4636; x_wconf 82' lang='lat' dir='ltr'>manus.</span> 
     </span>
    </p>

    <p class='ocr_par' dir='ltr' id='par_1_15' title="bbox 369 4665 768 4735">
     <span class='ocr_line' id='line_1_31' title="bbox 369 4665 768 4735; baseline -0.003 -15"><span class='ocrx_word' id='word_1_217' title='bbox 369 4673 384 4720; x_wconf 89' lang='lat'>5</span> <span class='ocrx_word' id='word_1_218' title='bbox 402 4666 501 4735; x_wconf 88' lang='lat' dir='ltr'>Incipit</span> <span class='ocrx_word' id='word_1_219' title='bbox 519 4665 584 4720; x_wconf 93' lang='lat' dir='ltr'>Cod.</span> <span class='ocrx_word' id='word_1_220' title='bbox 604 4666 666 4721; x_wconf 77' lang='lat' dir='ltr'>Vas.</span> <span class='ocrx_word' id='word_1_221' title='bbox 686 4684 713 4735; x_wconf 92' lang='lat' dir='ltr'>p.</span> <span class='ocrx_word' id='word_1_222' title='bbox 727 4671 768 4720; x_wconf 83' lang='grc'>84.</span> 
     </span>
    </p>

    <p class='ocr_par' dir='ltr' id='par_1_16' title="bbox 285 4750 1424 4891">
     <span class='ocr_line' id='line_1_32' title="bbox 369 4750 1424 4820; baseline -0.002 -16"><span class='ocrx_word' id='word_1_223' title='bbox 369 4757 384 4804; x_wconf 88' lang='grc'>6</span> <span class='ocrx_word' id='word_1_224' title='bbox 401 4752 434 4804; x_wconf 92' lang='lat' dir='ltr'>In</span> <span class='ocrx_word' id='word_1_225' title='bbox 451 4751 547 4805; x_wconf 89' lang='lat' dir='ltr'>ordine</span> <span class='ocrx_word' id='word_1_226' title='bbox 568 4750 697 4814; x_wconf 80' lang='lat' dir='ltr'>scribitur</span> <span class='ocrx_word' id='word_1_227' title='bbox 719 4755 847 4807; x_wconf 77' lang='lat' dir='ltr'>exhibeat.</span> <span class='ocrx_word' id='word_1_228' title='bbox 882 4751 955 4804; x_wconf 84' lang='lat' dir='ltr'>Tum</span> <span class='ocrx_word' id='word_1_229' title='bbox 971 4750 1000 4803; x_wconf 93' lang='lat' dir='ltr'>in</span> <span class='ocrx_word' id='word_1_230' title='bbox 1017 4755 1142 4820; x_wconf 78' lang='lat' dir='ltr'>margine</span> <span class='ocrx_word' id='word_1_231' title='bbox 1166 4750 1301 4805; x_wconf 88' lang='lat' dir='ltr'>scholium</span> <span class='ocrx_word' id='word_1_232' title='bbox 1321 4752 1375 4804; x_wconf 86' lang='lat' dir='ltr'>est:</span> <span class='ocrx_word' id='word_1_233' title='bbox 1398 4755 1424 4802; x_wconf 79' lang='lat' dir='ltr'>in</span> 
     </span>
     <span class='ocr_line' id='line_1_33' title="bbox 285 4838 770 4891; baseline -0.002 -1"><span class='ocrx_word' id='word_1_234' title='bbox 285 4843 336 4891; x_wconf 71' lang='lat' dir='ltr'>(dio</span> <span class='ocrx_word' id='word_1_235' title='bbox 354 4844 472 4890; x_wconf 66' lang='lat' dir='ltr'>exerceat.</span> <span class='ocrx_word' id='word_1_236' title='bbox 510 4841 604 4890; x_wconf 82' lang='lat' dir='ltr'>Maius.</span> <span class='ocrx_word' id='word_1_237' title='bbox 764 4838 770 4842; x_wconf 79' lang='grc'><strong><em>’</em></strong></span> 
     </span>
    </p>
   </div>
   <div class='ocr_carea' id='block_1_12' title="bbox 0 0 1655 5950">
    <p class='ocr_par' dir='ltr' id='par_1_17' title="bbox 0 0 1655 5950">
     <span class='ocr_line' id='line_1_34' title="bbox 0 0 1655 5950; baseline 0 0"><span class='ocrx_word' id='word_1_238' title='bbox 0 0 1655 5950; x_wconf 95' lang='lat' dir='ltr'> </span> 
     </span>
    </p>
   </div>
  </div>
 </body>
</html>
