3300 5950
344 786 393 839 AD
411 784 539 839 VERUM
556 784 678 837 IMPER.
697 782 886 837 AURELIUM
905 781 1097 867 CAESAREM
1114 781 1223 835 LIBER
1241 782 1273 835 Π.
1327 782 1387 847 129

240 958 361 1022 cemodi
382 956 500 1020 milites
524 955 638 1040 quibus
660 954 803 1039 imperiis
828 954 1008 1027 contineres
1025 955 1112 1019 etad
1132 953 1260 1038 frugem
1283 953 1385 1036 adque

238 1060 432 1123 industriam
456 1061 667 1141 converteres
692 1080 800 1121 noune
822 1061 855 1120 te
870 1057 1067 1121 Hannibalis
1083 1048 1212 1138 duritia,
1237 1056 1387 1119 Africani

239 1162 426 1244 disciplina,
463 1159 585 1224 Metelli
614 1160 779 1244 exempla¹
809 1158 952 1223 historiis
981 1159 1160 1241 perscripta
1188 1156 1389 1221 docuerunt?

238 1264 348 1346 Ipsum
370 1263 431 1326 hoc
452 1266 543 1325 tuum
566 1264 632 1325 ate
655 1259 807 1349 diu[ti]na
821 1261 993 1345 prudentia
1010 1253 1199 1343 consultum,
1223 1260 1306 1344 quod
1322 1280 1389 1322 non

241 1368 316 1427 ante
340 1365 442 1449 signis
466 1364 601 1427 conlatis
624 1386 755 1427 manum
779 1386 851 1427 cum
878 1361 1024 1426 hostibus
1057 1361 1262 1444 conseruisti,
1293 1382 1389 1444 quam

243 1465 366 1530 levibus
389 1466 519 1549 proeliis
543 1468 575 1529 et
596 1466 730 1528 minutis
752 1465 897 1529 victoriis
919 1465 1056 1528 militem
1077 1464 1251 1546 imbueres,
1281 1483 1389 1525 nonne

242 1566 321 1631 Cato
344 1567 462 1649 docuit,
487 1571 595 1632 orator
616 1566 701 1631 idem
724 1570 757 1630 et
777 1568 953 1650 imperator
968 1565 1131 1630 summus?
1174 1566 1249 1649 Ipsa
1271 1564 1390 1627 subieci

241 1669 372 1733 Catonis
387 1670 495 1752 verba,
519 1671 555 1733 in
569 1670 683 1754 quibus
701 1669 907 1733 consiliorum
929 1672 1058 1733 tuorum
1080 1690 1231 1752 expressa
1252 1666 1390 1753 vestigia

123 1801 125 1806 ·
233 1772 418 1854 cerneres?
450 1777 574 1835 Interea
590 1792 832 1851 unamquamque
847 1784 986 1849 turmam,
1010 1777 1207 1851 multipedam,
1225 1775 1388 1845 calcantem,

241 1877 421 1953 temptabam
444 1880 519 1952 quta
536 1876 646 1950 faeere
662 1883 804 1954 possent:
835 1879 961 1951 proeliis
982 1874 1114 1937 leuibm³
1142 1877 1318 1952 spectabam
1340 1893 1390 1935 cu-

241 1982 371 2039 iusmodi
391 1982 517 2055 quisque
538 1986 628 2039 esset:
651 1983 680 2039 si
700 1982 767 2054 quis
789 1986 910 2040 strenae
927 1978 1059 2053 fecerat,
1086 1980 1238 2038 donabam
1260 1979 1388 2049 honeste,

242 2089 273 2141 ut
295 2084 351 2141 alti
371 2083 448 2141 idem
471 2084 580 2141 uellent
596 2081 720 2155 faeere,
752 2090 844 2157 atque
866 2084 897 2141 in
919 2084 1062 2141 cantione
1082 2082 1181 2141 verbis
1202 2081 1302 2139 multis
1323 2080 1389 2137 lau·
1443 2089 1447 2095 ·

243 2184 364 2243 dabam.
409 2184 535 2242 Interim
558 2186 673 2258 aliquot
690 2179 816 2258 pauea⁴
839 2193 944 2244 eastra
961 2182 1037 2255 feet.
1073 2182 1135 2242 Sea
1157 2183 1208 2242 ubi
1229 2183 1306 2240 anm
1319 2188 1390 2239 tem-

240 2272 308 2360 pus
321 2287 410 2359 uenit,
435 2291 538 2344 eastra
561 2286 688 2345 hiberna
715 2328 988 2344 .........

329 2383 355 2465 ll
380 2433 385 2445 .
412 2433 417 2445 .
444 2434 450 2445 .
477 2432 483 2445 .
509 2381 641 2447 Catonis
663 2382 840 2466 imaginem
862 2381 901 2445 de
924 2385 1039 2445 senatu
1068 2381 1206 2464 proferri
1234 2378 1389 2468 s[olit]am

243 2484 415 2547 memoriae
437 2484 590 2547 traditum
615 2486 679 2547 est:
703 2485 729 2547 si
752 2485 793 2548 ob
815 2483 969 2547 militaria
989 2484 1147 2565 facinora,
1173 2484 1229 2547 c'ur
1250 2475 1390 2546 11011011-

243 2584 347 2648 milli?
370 2607 426 2649 cur
448 2608 514 2649 uon
538 2637 544 2649 .
637 2636 643 2649 .
669 2585 770 2649 6lini?
799 2609 855 2651 cur
877 2608 944 2650 non
968 2585 1056 2651 Curii
1080 2583 1326 2672 [aliorumquelt
1350 2633 1356 2646 .
1384 2634 1390 2646 .

627 2958 680 3025 ΙΙ.
723 2960 898 3043 Magistro
919 2960 1007 3027 Meo.

331 3145 337 3160 .
365 3147 371 3159 .
398 3146 404 3158 .
431 3147 438 3159 .
463 3097 672 3182 neeessaj⁷rio
697 3100 854 3179 correcta,
883 3097 934 3160 vel
956 3098 990 3160 in
1012 3100 1156 3180 tempore
1178 3098 1316 3180 provisa,
1341 3096 1392 3160 vel

247 3199 392 3261 celeriter
415 3200 542 3280 curata,
571 3197 621 3261 vel
649 3198 757 3262 sedulo
779 3199 955 3281 instructa,
987 3198 1173 3281 praedicare
1194 3199 1285 3281 ipsaS
1308 3198 1393 3281 apud

245 3304 277 3363 te
307 3300 480 3383 supersedi.
525 3300 576 3363 Da
604 3300 813 3365 verecundiae
845 3301 988 3383 veniam,
1024 3300 1051 3364 si
1084 3301 1274 3386 urgentibus
1309 3296 1393 3363 curis

246 3401 450 3484 praepeditus
471 3403 603 3485 negotia
624 3402 659 3465 in
674 3403 822 3466 manibus
845 3424 1033 3486 praeversus
1049 3425 1135 3484 sum,
1160 3402 1295 3486 speque⁹
1318 3405 1393 3465 tuae

247 3524 324 3587 erga
338 3525 389 3565 me
411 3503 661 3587 benignissimae
683 3504 852 3569 facilitatis
874 3504 1005 3567 interim
1020 3503 1055 3566 in
1077 3503 1244 3568 scribendo
1261 3504 1391 3567 cessavi.

331 3724 348 3760 a
367 3711 411 3760 Aa
426 3713 560 3761 secundnm
572 3714 718 3761 laterculum
732 3715 758 3762 in
770 3713 897 3776 marqine:
917 3707 1006 3776 [Tres]
1025 3706 1161 3775 triumphi
1178 3706 1213 3761 de
1227 3705 1392 3775 [Africanisl.

251 3813 426 3820 ———-.-

333 3883 345 3928 l
365 3877 446 3945 Apud
464 3875 625 3930 Sallustium
642 3878 672 3930 iu
689 3877 816 3945 Iugurth.
853 3876 952 3931 Maius

331 3961 409 4014 ‘alta
427 3959 532 4025 (todem
551 3960 654 4015 Maius:
674 3967 797 4016 cerneris.
829 3961 862 4015 cf.
883 3962 985 4016 Iordan
1004 3960 1100 4015 Coton.
1119 3980 1147 4031 p.
1167 3969 1207 4015 35.

332 4051 347 4097 3
367 4042 472 4098 Codex:
491 4049 595 4099 lenibus.

384 4137 388 4145 ·
522 4126 534 4153 o

333 4169 349 4215 4
369 4161 434 4215 Cod.
454 4169 576 4233 aliquitau
595 4175 690 4218 caetra.
728 4163 803 4218 Corr.
824 4171 918 4219 Maias.

333 4246 477 4301 5PostIea
493 4248 607 4317 pagina,
627 4254 671 4315 16,
698 4248 828 4303 universa
846 4250 1009 4304 oblitterata
1030 4252 1085 4316 est,
1115 4249 1156 4303 ita
1176 4251 1272 4303 tamen
1290 4249 1321 4301 ut
1339 4266 1394 4301 una

249 4329 362 4399 eopiosa
388 4331 527 4386 sententia
552 4332 664 4401 legatur
685 4332 714 4386 in
737 4334 864 4403 margine
887 4333 988 4404 prioris
1011 4334 1152 4400 laterculi,
1181 4350 1214 4387 ex
1238 4350 1294 4399 qua
1317 4335 1393 4387 certo

249 4415 451 4483 cognoscimus,
475 4417 563 4470 verba
581 4416 694 4472 Catonis
713 4418 845 4473 desivisse
864 4420 929 4473 ante
947 4419 1038 4485 finem,
1060 4419 1146 4471 immo
1165 4420 1231 4472 ante
1250 4416 1394 4470 dimidium

248 4501 306 4552 fere
324 4499 462 4567 praedicti
479 4500 614 4555 laterculi.
652 4506 768 4562 Maiae,

333 4589 348 4635 6
368 4582 471 4653 Supple
489 4602 592 4654 paucas
610 4587 727 4641 litteras.
764 4587 862 4642 Maius.

334 4673 348 4720 7
368 4667 469 4737 Incipit
487 4667 553 4723 cod.
572 4688 600 4739 p.
619 4676 680 4724 422.

333 4753 454 4807 8Ι1111110
474 4759 537 4822 ipse.
575 4759 753 4824 Heindarfius.

333 4844 348 4891 9
368 4836 433 4892 Cod.
453 4856 495 4908 pr.
515 4856 550 4892 m.
570 4859 617 4907 spe
635 4861 709 4910 quae.

284 4958 383 4993 FRONT.
401 4960 435 4993 ur
448 4959 549 4995 AUREL.
565 4961 655 4995 amar.
