3300 5950
479 804 528 857 Io
549 804 586 857 M.
604 804 823 858 ANTONINUM
843 804 889 858 DE
907 802 1147 868 ELOQUENTIA.
1326 805 1386 868 145

243 997 375 1038 numero
399 975 574 1039 curandum
598 976 632 1038 in
653 975 781 1039 theatro
804 997 931 1040 crocum
953 977 1049 1060 longe
1072 976 1261 1058 adque‘alte
1284 975 1386 1057 expri-

243 1078 367 1140 matur¹
395 1126 636 1141 ........
663 1077 704 1162 l2.
731 1128 738 1141 .
764 1129 771 1142 .
798 1128 805 1141 .
851 1078 1013 1162 Diogenes
1036 1077 1175 1161 Cynicus
1205 1099 1271 1140 uon
1293 1077 1386 1138 modo

243 1178 365 1242 nullam
388 1179 558 1261 pecuniam
580 1180 752 1264 quaesivit,
782 1181 958 1243 sedetiam
985 1180 1147 1264 propriam
1175 1179 1320 1263 neglexit
1344 1228 1351 1241 .
1378 1228 1384 1240 .

245 1329 687 1345 ..............
698 1281 1384 1364 3udaqueeatipa..i........

242 1404 353 1444 mensa
375 1386 407 1445 et
429 1384 502 1464 part
527 1431 668 1445 .....
693 1382 835 1445 ⁴familia
862 1385 899 1445 tu
929 1432 935 1445 .
962 1432 969 1445 .
996 1433 1003 1445 .
1033 1383 1115 1445 vasit
1143 1382 1249 1444 famae
1279 1431 1286 1443 .
1311 1431 1317 1443 .
1345 1429 1351 1441 .
1378 1429 1385 1441 .

243 1505 300 1545 usa
325 1534 331 1544 .
358 1533 364 1545 .
411 1466 541 1547 Socrate
566 1533 774 1547 .......
800 1484 976 1567 sapientior
1001 1533 1175 1547 ......
1184 1484 1197 1522 ⁵
1219 1482 1318 1545 dianii
1344 1532 1350 1544 .
1378 1532 1384 1544 .

245 1634 418 1648 ......
448 1585 808 1649 doabunse......
840 1585 1385 1649 vocare......dat.....

329 1788 354 1870 ll
376 1787 577 1852 Immortales
600 1789 733 1852 seirint⁷
764 1789 931 1863 comitium
958 1793 991 1852 et
1019 1792 1123 1852 rostra
1152 1791 1185 1851 et
1212 1788 1388 1851 tribunalia

245 1885 376 1950 Catonis
400 1891 433 1951 et
448 1889 587 1953 Gracchi
610 1894 643 1953 et
659 1889 823 1954 Ciceronis
846 1891 1044 1953 orationibus
1068 1889 1228 1953 celebrata
1250 1888 1311 1952 hoc
1332 1910 1387 1971 po-

244 1988 405 2051 tissimum
433 1991 560 2054 saeculo
589 1990 820 2055 conticiscere?
852 1992 962 2054 orbem
982 1995 1105 2073 terrae,
1135 2012 1229 2073 quem
1245 1991 1387 2054 vocalem

244 2090 405 2172 acceperis
413 2091 435 2173 ⁸,
460 2095 603 2155 mutum⁹
627 2115 645 2155 a
667 2096 700 2155 te
722 2092 816 2157 fieri?

328 2189 361 2254 Si
377 2191 522 2275 linguam
545 2194 615 2277 quis
637 2194 694 2257 uni
716 2193 840 2257 homini
863 2195 1016 2276 execet¹⁰,
1040 2193 1191 2257 immanis
1214 2192 1387 2275 habeatur3

243 2290 489 2374 eloquentiam¹¹
507 2294 647 2358 humano
663 2296 774 2378 generi
797 2296 939 2359 exsecari
953 2297 1111 2360 mediocre
1126 2296 1253 2359 facinus
1268 2294 1387 2379 putas?

243 2391 316 2455 Non
350 2393 437 2459 hmrc
466 2397 689 2460 adnumeras¹²
719 2397 819 2460 Tereo
848 2399 904 2459 aut
930 2396 1102 2481 Lycurgo?
1138 2398 1191 2481 qui
1222 2397 1387 2480 Lycurgus

243 2494 318 2576 quid
339 2496 471 2560 tandem
493 2498 569 2560 mali
591 2498 743 2562 facinoris
767 2498 906 2581 admisit,
931 2498 1060 2582 quom¹3
1080 2500 1162 2563 vites
1185 2496 1387 2581 amputavit?

242 2594 353 2658 Multis
375 2600 519 2681 profecto
542 2601 693 2683 gentibus
717 2622 754 2663 ac
776 2599 962 2663 nationibus
989 2600 1163 2683 profuisset
1190 2600 1301 2664 vinum
1329 2622 1387 2663 un-

243 2696 337 2779 dique
360 2700 507 2781 gentium
530 2702 777 2765 exterminatum
785 2715 807 2766 ³.
1299 2721 1306 2726 “

327 2799 448 2864 Tamen
477 2802 642 2887 Lycurgus
674 2825 795 2886 poenas
829 2825 992 2867 caesarum
1025 2805 1139 2869 vitium
1167 2804 1237 2866 luit.
1283 2802 1386 2877 Quare

242 2901 446 2965 metuendam
475 2925 588 2967 censeo
617 2904 770 2969 divinitus
803 2927 941 2990 poenam
969 2905 1168 2990 eloquentiae
1196 2905 1386 2968 extermina-

327 3106 344 3141 a
362 3093 394 3141 In
413 3095 539 3157 margine:
558 3088 587 3142 Si
604 3091 621 3144 l.
642 3107 668 3157 q.
687 3090 736 3143 uni
753 3090 859 3143 homini
878 3133 883 3144 .
905 3133 911 3144 .
932 3133 937 3144 .
961 3092 1035 3145 secet
1056 3090 1074 3143 i.
1092 3090 1157 3144 hab.
1181 3092 1212 3144 ut
1230 3091 1343 3152 Tereus,
1362 3091 1385 3142 si
1459 3115 1462 3120 ·

243 3172 327 3224 vitem
353 3175 385 3225 ut
409 3172 555 3241 Licurgus;
587 3177 616 3228 et
641 3175 736 3228 tamen
764 3174 833 3242 quid
859 3175 926 3229 mali
952 3177 1004 3229 fac.
1033 3176 1106 3230 adm.
1136 3175 1211 3242 quod
1240 3194 1265 3229 v.
1293 3182 1385 3244 amp?

242 3256 335 3308 Multis
353 3258 428 3324 gent.
447 3258 573 3326 profecto
592 3261 621 3311 et
638 3258 732 3312 vinum
749 3258 871 3327 undique
883 3258 1021 3328 'gentium
1043 3260 1245 3313 exterminavit.

328 3419 340 3464 l
359 3412 400 3464 De
420 3410 493 3465 croci
510 3428 561 3464 usu
578 3411 735 3480 voluptario
754 3411 859 3465 Plinius
876 3412 910 3465 H.
928 3411 967 3465 N:
982 3411 1053 3465 XXI.
1073 3418 1097 3478 G,
1114 3412 1248 3480 Apuleius
1270 3404 1382 3466 Metam.

243 3495 275 3549 Χ.
295 3496 345 3549 aa.
365 3496 434 3549 Elm.
453 3513 481 3564 p.
501 3502 558 3550 aaa.
596 3501 691 3554 Marus.

326 3588 341 3633 2
360 3579 491 3647 Sequitur
509 3579 574 3635 Cod.
594 3599 620 3650 p.
641 3585 703 3647 398,
731 3581 861 3647 evanida,
887 3582 1000 3650 praeter
1019 3597 1141 3647 eaquae
1160 3599 1175 3634 e
1193 3582 1320 3649 margine
1339 3582 1384 3635 de—

243 3665 410 3733 scripsimus.
1107 3684 1110 3688 ⁴

327 3758 342 3804 3
360 3751 392 3802 In
410 3751 463 3805 fine
482 3752 627 3804 columnae
644 3751 752 3820 prioris.

325 3840 342 3887 4
359 3835 441 3888 Initio
460 3837 604 3890 columnae
623 3835 743 3889 alterius.

327 3927 342 3972 5
360 3920 392 3971 In
408 3919 465 3973 ima
482 3921 593 3989 pagina.
728 3909 731 3914 ’

327 4011 342 4058 6
360 4005 461 4073 incipit
479 4003 545 4058 Cod.
566 4023 594 4073 p.
614 4009 672 4058 397.

326 4095 340 4142 7
359 4091 403 4143 Ita
421 4088 525 4156 Codex;
543 4088 645 4142 Maius:
669 4093 712 4141 der
727 4095 839 4144 ceremur.
875 4091 1013 4159 Hauptius
1032 4089 1141 4143 scribit:
1167 4094 1324 4144 Immortaler
1342 4096 1386 4143 dei

242 4193 272 4227 ne
290 4179 388 4228 acirim.

324 4265 340 4312 8
357 4259 409 4312 Hic
427 4259 455 4312 ni
473 4259 555 4313 fallor
573 4258 699 4328 apparet,
718 4259 865 4327 epistolam
883 4259 1016 4328 scriptam
1034 4277 1094 4312 esse
1112 4259 1148 4312 ad
1160 4259 1196 4313 M.
1210 4258 1380 4312 Antoninum

241 4341 296 4393 iam
314 4343 393 4411 Imp,
412 4349 468 4397 no'n
485 4345 522 4398 ad
538 4343 576 4398 M.
595 4342 757 4409 Caesarem,
775 4346 806 4396 ut
824 4344 913 4398 voluit
929 4344 1027 4397 Maius.

326 4432 342 4480 9
360 4426 464 4482 Codex:
483 4439 598 4482 carduum.

310 4515 342 4564 10
359 4511 403 4563 Ita
421 4510 521 4580 Codex,
538 4530 594 4586 non
611 4524 724 4569 exsecet.
774 4529 785 4539 ·

311 4600 341 4647 ll
361 4594 466 4648 Codex:
486 4602 637 4665 eloquentia.

310 4685 341 4732 12
360 4678 388 4732 C.
402 4679 432 4733 F.
446 4679 490 4733 W.
503 4679 635 4734 Mullorus
653 4682 683 4734 in
701 4682 799 4735 Annal.
819 4680 989 4735 Fleckeiseni
1006 4680 1094 4734 XCIII
1110 4700 1137 4751 p.
1155 4686 1218 4735 491:
1237 4687 1381 4738 adsimules.

241 4765 301 4818 coll.
320 4764 405 4818 Laud.
427 4764 495 4816 fumi
514 4765 542 4818 et
559 4765 632 4833 pulv.

310 4856 340 4904 13
360 4849 465 4903 Codex:
484 4870 565 4919 quam.

275 4970 376 5006 rxovr.
389 4972 423 5005 nr
436 4971 539 5008 aurien.
554 4971 644 5008 emar.
1015 5006 1021 5010 ,
1143 4940 1181 5003 10
