3300 5950
302 777 365 840 258
637 772 672 824 M.
697 770 865 825 CORNELII
887 769 1093 824 FRONTONIS

302 968 362 1023 ται,
386 947 435 1010 καὶ
458 944 502 1007 ωε
525 943 626 1006 εἰπεῖν
647 942 855 1020 ἐξορχοῦντοιι
876 941 933 1006 τόν
957 941 1070 1019 ἔρωτα.
1115 940 1294 1019 (υγγράφει
1316 940 1372 1020 δἐ,
1400 938 1452 1001 ὥ(

303 1068 408 1127 φαειν,
432 1046 450 1108 ὁ
474 1046 527 1107 εόε
550 1028 681 1122 ἐραετὴε
711 1043 845 1122 ἐρωτικά
866 1063 937 1107 τινα
959 1044 1031 1121 περὶ
1054 1046 1111 1105 (οὓ
1134 1041 1374 1120 ευγγράμματα,
1399 1040 1451 1103 ὼε

302 1148 406 1229 τούτψ
430 1148 467 1223 δὴ
491 1145 620 1223 μάλιετά
643 1165 675 1209 τε
691 1143 872 1209 δεδεάεων1
888 1145 939 1207 καὶ
953 1143 1192 1222 προεαξόμενοε
1214 1143 1264 1205 καὶ
1286 1141 1450 1221 αίρήεων·

300 1252 339 1314 τά
355 1250 387 1312 δ’
403 1248 485 1311 ἐετιν
509 1246 598 1325 αίεχη
622 1247 672 1310 καί
695 1246 804 1323 ὀνείδη
828 1246 879 1310 καὶ
902 1247 961 1326 βοή
983 1266 1029 1310 τιε
1045 1244 1221 1314 ἀκόλαετοε
1236 1242 1294 1306 ὑπ’
1310 1242 1450 1321 οἴετρου

301 1349 566 1429 προπεμπομένη,
590 1347 699 1411 ὁποῖαι
722 1347 839 1425 θηρίων
862 1348 881 1426 ἢ
904 1346 1127 1426 βοεκημάτωνῖ
1142 1346 1199 1410 ὑπ’
1221 1346 1343 1423 ἐρωτοε
1369 1350 1451 1424 βρυ-

302 1453 459 1529 χωμένων
482 1450 500 1527 ἢ
524 1446 795 1528 χρεμετιζόντων3
816 1450 834 1526 ἢ
857 1448 1053 1527 μυκωμένων
1074 1448 1093 1526 ἢ
1114 1447 1322 1526 ὠρυομένων.
1360 1446 1451 1511 Τού-

301 1572 368 1616 τοιε
390 1551 472 1614 ἔοικε
495 1549 534 1613 τὰ
555 1552 620 1613 τῶν
644 1550 795 1629 ἐρώντων
824 1550 953 1630 ᾄεματα.
998 1549 1030 1612 Εἰ
1057 1552 1138 1624 γοῦν
1162 1549 1344 1627 ἐπιτρέψαι(
1369 1568 1451 1612 εαυ-
1542 1548 1545 1552 ’

301 1653 379 1717 τὸν4
401 1659 446 1736 τῷ
475 1653 587 1733 ἐραετῇ
616 1654 745 1730 χρῆεθαι
773 1650 877 1714 ὅπου5
906 1652 955 1714 καὶ
984 1650 1083 1715 ὁπότε
1111 1651 1279 1729 βούλοιτο,
1303 1649 1379 1713 οὔτ’
1401 1650 1450 1714 ἂν

301 1755 412 1833 καιρὸν
436 1754 617 1831 περιμείνατε
639 1753 836 1830 ἐπιτήδειον,
864 1751 939 1815 οὔτε
961 1753 1074 1823 τόπον,
1099 1752 1174 1816 οὔτε
1196 1753 1332 1831 (χολὴν,
1364 1752 1450 1815 οὔτε

302 1856 443 1935 ἐρημίαν,
466 1854 548 1918 ἀλλὰ
570 1853 701 1933 θηρίουί
723 1852 811 1931 δίκην
836 1852 899 1916 ὑπὸ
928 1853 1041 1930 λύττηε
1064 1853 1156 1917 εὐθὺ(
1179 1852 1304 1931 ἔχοιτο7
1327 1854 1368 1917 ἂν
1392 1854 1451 1916 καὶ

302 1958 419 2037 βαίνειν
441 1959 637 2034 προθυμοῖτο
659 1956 757 2033 μηδὲν
780 1954 978 2032 αἰδούμενος.

292 2110 305 2141 ,
385 2059 490 2122 Τοῦτο
514 2058 558 2122 ἐτι
580 2058 726 2137 προεθείε
749 2055 941 2119 καταπαάεω
963 2056 1147 2132 τὸνλόγον,
1170 2055 1219 2119 ὅτι
1234 2056 1339 2120 πάντα
1354 2060 1449 2121 θεῶν

302 2165 391 2238 δῶρα
419 2160 469 2222 καὶ
497 2158 575 2237 ἔργα
604 2158 662 2222 ὅεα
678 2157 725 2245 ρἐκ
754 2156 937 2235 ἀνθρώπων
965 2157 1074 2234 χρείαν
1103 2178 1137 2222 τε
1163 2159 1213 2221 καί
1240 2158 1355 2236 τέρψιν
1391 2160 1449 2221 καὶ

302 2262 462 2341 ὠφέλειαν
485 2259 642 2339 ἀφίκταιί,
671 2261 711 2323 τά
733 2260 789 2337 μὲν
813 2257 921 2321 αὐτῶν
944 2258 1030 2321 πάνυ
1052 2259 1102 2321 καὶ
1124 2260 1228 2342 πάντῃ
1251 2259 1354 2339 θεῖαί,
1379 2264 1448 2337 γῆν

301 2383 381 2441 ψημι
402 2363 451 2424 καί
475 2360 617 2439 οὐρανὸν
640 2360 689 2422 καί
711 2359 802 2436 ἥλιον
825 2359 875 2422 καὶ
897 2358 1065 2434 θάλατταν,
1089 2360 1199 2438 ὑμνεῖν
1221 2363 1278 2438 μέν
1295 2363 1345 2426 καὶ
1364 2367 1448 2425 θαυ-

300 2464 408 2540 μάζειν
436 2461 623 2539 πεφύκαμεν
632 2449 742 2541 ,ἐρᾶν
771 2462 802 2523 δ’
831 2459 887 2536 οὔ,
916 2461 1024 2523 καλῶν
1047 2460 1082 2522 δέ
1104 2467 1201 2525 τινων
1225 2450 1449 2541 φαυλοτέρων

235 2571 245 2582 ‘
300 2564 351 2627 καί
378 2562 563 2641 ἀτιμοτέρα(
591 2562 703 2640 μοίραε
730 2560 968 2639 τετυχηκότων,
997 2561 1122 2625 τούτων
1150 2563 1208 2641 ἤδη
1238 2563 1363 2643 φθόνοε
1390 2566 1449 2629 καὶ

301 2665 384 2742 ἐρωε
410 2665 460 2726 καί
488 2666 583 2739 Ζῆλοε
611 2663 661 2725 καὶ
686 2663 795 2740 ίμεροε
822 2661 995 2726 άπτεταιίθ.
1040 2662 1095 2731 Καὶ
1123 2663 1154 2725 οἱ
1184 2665 1241 2741 μέν
1264 2686 1346 2730 τινεε
1369 2667 1448 2743 κέρ-

301 2770 379 2828 δουε
402 2764 530 2842 ἐρῶειν,
554 2763 584 2827 οἱ
606 2765 640 2826 δέ
663 2762 759 2842 ὄψων
783 2762 839 2840 αὖ,
869 2761 948 2847 111οί
970 2764 1005 2826 δέ
1028 2762 1129 2827 οἴνου.
1173 2764 1223 2828 Ἐν
1246 2767 1284 2843 δὴ
1306 2772 1351 2849 τῷ
1374 2787 1447 2830 τοι-

302 2870 366 2947 ῷδε
389 2864 509 2946 ἀριθμῷ
537 2866 587 2927 καὶ
608 2864 706 2943 μερίδι
735 2865 914 2929 καθίεταται
940 2865 978 2928 τὸ
1006 2864 1123 2929 κάλλοε
1151 2865 1214 2929 ὑπὸ
1243 2870 1309 2930 τῶν
1337 2868 1448 2945 ἐρών-

301 2989 382 3041 των,
414 2965 527 3045 ὅμοιον
556 2966 659 3045 κέρδει
686 2967 736 3029 καὶ
764 2967 840 3049 άψψ
869 2967 919 3031 καὶ
946 2966 1075 3050 μέθῃ·12
1108 2966 1172 3031 ὑπὸ
1200 2969 1234 3030 δ’
1256 2968 1347 3046 ἡμῶν
1369 2976 1446 3036 ’τῶν

301 3069 528 3146 θαυμαζόντων
551 3069 625 3146 μέν,
647 3069 688 3147 μὴ
704 3068 863 3146 ’ἐρώντων
885 3068 966 3144 δέῑ3,
996 3068 1109 3147 ὅμοιον
1132 3069 1211 3151 ἡλίῳ
1235 3071 1285 3134 καὶ
1307 3070 1447 3156 οὐρανῷ

301 3171 351 3233 καὶ
371 3177 410 3252 γῇ
434 3171 484 3232 καί
506 3172 658 3252 θαλάττῃ·
691 3170 729 3233 τά
756 3170 818 3247 γάρ
847 3173 978 3234 τοιαῦτα
1006 3171 1127 3236 παντὸε
1155 3171 1277 3249 ἐρωτοε
1304 3173 1446 3250 κρείττω

387 3481 399 3527 1
420 3473 524 3527 Codex:
543 3473 689 3538 δεχεάζων.
723 3471 849 3526 Correxit
866 3472 1015 3527 lacobsius.

385 3564 400 3610 2
420 3556 524 3610 Codex:
544 3562 639 3624 θηρῶν
657 3559 674 3622 ἢ
694 3558 885 3625 βοεχημάτων.

385 3649 400 3695 3
419 3640 522 3695 Codex:
542 3643 785 3707 χραιμετιζόντων.
808 3640 960 3709 Perperam
969 3641 1071 3695 Maius:
1084 3645 1345 3708 χραιμετιζομένων.
1371 3645 1446 3701 cor-

302 3727 412 3779 rexerat
429 3726 485 3780 iam
502 3726 654 3779 Bekkeruo

384 3816 400 3862 4
419 3809 524 3863 Codex:
548 3811 644 3863 αὐτόν.
682 3808 807 3862 Correxit
824 3809 972 3863 Iaoobsius.

385 3901 400 3946 5
419 3893 523 3947 Codex:
547 3896 595 3947 ὅτε
614 3894 656 3945 οὐ.
695 3891 820 3946 Correxit
837 3893 1030 3947 Buttmannus.
1086 3946 1096 3960 ,

385 3984 400 4029 θ
420 3977 524 4031 Codex:
544 3979 639 4044 θὴρου.

386 4061 522 4115 7Codex:
547 4063 640 4114 είοιτο.
678 4061 756 4124 Quod
780 4062 884 4115 oonieoi
905 4063 1106 4131 propemodum
1130 4057 1303 4120 certum'ost.
1340 4069 1447 4124 Iacob-

300 4145 366 4197 oius:
386 4145 457 4210 θίγοι
475 4163 530 4198 εου.

386 4236 402 4282 8
421 4227 525 4281 Codex:
545 4245 672 4294 αφεικτα.
709 4230 836 4283 Correxit
853 4231 1002 4285 Ιαοοίοοίιω.

385 4319 400 4364 θ
419 4310 523 4364 Codex:
541 4313 729 4367 ΠΑΝΙΗΙΘΕΙ,
766 4314 892 4368 Correxit
909 4316 1057 4370 Iacobsius.

370 4402 400 4449 10
419 4394 523 4448 Codex:
551 4396 678 4450 ἀπυεται.
714 4397 789 4451 Corr.
809 4399 1001 4454 Buttmannus.
1041 4402 1106 4454 Mox
1127 4403 1156 4455 in
1177 4403 1227 4457 Ed.
1250 4405 1360 4459 Mediol.
1385 4426 1446 4476 pro

301 4481 384 4545 ὄψων
401 4478 490 4532 Maius
509 4479 636 4533 ediderob
654 4484 741 4548 θύων,
760 4483 833 4536 undo
851 4485 992 4538 Iacobsius
1010 4488 1178 4551 θυωμάτων.

370 4570 397 4615 11
415 4562 518 4631 ,Incipio
537 4563 602 4618 Cod.
622 4567 749 4620 Ambros,
766 4586 792 4636 p.
812 4574 852 4621 73.

370 4653 399 4698 12
418 4638 506 4700 Maius
525 4649 619 4713 μέλιτι.
656 4649 807 4719 Corruptus
829 4653 906 4705 locus
927 4653 968 4706 ita
989 4653 1091 4721 legitur
1113 4655 1141 4707 in
1163 4655 1276 4710 Codice:
1312 4660 1444 4718 ΥΕΙΔΕΙ-

301 4730 655 4786 ΚΑΙΟΨΩΙΚΑΙΜΕΕΗΜΗ.

369 4821 400 4866 13
419 4813 523 4867 Codex:
542 4818 585 4882 δή.
