3300 5950
253 821 301 866 xx
685 800 964 856 PROLEGOMENA.

251 972 407 1054 tionibus,
441 992 492 1034 res
523 972 723 1036 incommoda
755 973 883 1056 quidem
917 977 981 1056 est,
1015 996 1092 1035 nam
1124 973 1249 1036 numeri
1281 974 1343 1036 mei
1374 996 1392 1035 9

251 1074 389 1137 Maianis
417 1075 601 1157 plerumque
629 1074 827 1157 discrepant,
844 1075 915 1153 ,sed
945 1077 1048 1157 „quia
1081 1075 1116 1137 in
1149 1076 1294 1158 principe
1329 1075 1391 1138 edi-

251 1177 338 1239 tione
373 1176 542 1239 coniuncta
576 1178 651 1238 sunt
684 1197 722 1238 ea
754 1197 836 1259 quac
870 1176 1013 1257 separari
1047 1176 1164 1240 debent
1192 1180 1225 1240 91
1260 1176 1391 1240 diversis

250 1277 329 1341 locis
361 1277 514 1361 legrmtur
541 1299 622 1361 quae
651 1278 839 1359 cohaerent,
876 1280 1004 1340 coactus
1036 1277 1100 1341 feci
1132 1279 1215 1361 quod
1247 1300 1391 1341 necessa-

251 1379 334 1442 rium
357 1382 437 1442 erat.

334 1480 502 1544 Librorum
523 1481 634 1546 titulos
649 1481 704 1564 qui
728 1484 901 1565 supersunt
922 1503 995 1545 mox
1018 1480 1188 1564 exhibebo,
1211 1481 1389 1565 principem

250 1569 356 1645 locum
382 1585 497 1645 tenent
517 1581 688 1647 Frontonis
718 1583 871 1666 epistolae
901 1582 940 1645 ad
962 1582 1006 1645 M.
1030 1583 1235 1646 Antoninum
1257 1586 1290 1645 91
1311 1582 1389 1645 invi-

253 1706 337 1766 cem,
363 1705 496 1766 quarum
519 1684 658 1767 quinque
681 1684 756 1747 libri
778 1687 855 1747 sunt
878 1684 918 1746 ad
940 1683 983 1747 M.
1008 1683 1192 1766 Caesarem,
1224 1683 1391 1767 duo‘iique

251 1785 347 1848 laceri
378 1786 417 1848 ad
445 1783 590 1848 Marcum
616 1785 857 1868 Imperatorem.
902 1784 1095 1868 Temporum
1117 1786 1273 1849 rationem
1295 1784 1391 1848 libra-

251 1887 317 1949 rius
339 1885 461 1949 nullam
482 1885 609 1970 habuit,
637 1887 764 1970 itaque,
794 1885 888 1950 simul
917 1889 954 1949 ut
982 1887 1116 1950 lectores
1144 1888 1208 1949 iarn
1236 1887 1276 1949 ab
1298 1886 1392 1949 initio

252 1989 310 2051 sub
337 2010 401 2051 uno
432 1990 603 2071 conspectu
627 1989 826 2051 considerare
848 1988 983 2071 possint,
1017 1989 1092 2071 quid
1123 1988 1216 2050 nobis
1244 1991 1392 2050 renatum

252 2091 310 2172 sit,
340 2111 405 2151 non
427 2084 541 2151 inutile
565 2091 614 2152 est
634 2088 741 2153 videre
764 2089 801 2151 de
823 2091 983 2172 tempore,
1007 2111 1069 2173 quo
1096 2088 1243 2172 singulae
1264 2088 1392 2172 Episto-

188 2180 196 2193 ’
251 2188 300 2253 199
323 2191 460 2273 scriptae
483 2189 558 2253 sint.
605 2189 687 2254 Sunt
709 2191 840 2274 aliquot,
867 2191 903 2253 in
925 2190 1039 2272 quibus
1061 2190 1181 2253 indicia
1204 2190 1281 2253 satis
1305 2194 1393 2253 certa

252 2293 420 2373 deficiunt,
450 2291 504 2353 sed
533 2313 658 2374 earum,
692 2314 828 2375 quarum
856 2292 953 2355 series
982 2292 1108 2354 definiri
1135 2294 1256 2375 potest,
1289 2292 1393 2374 prima

251 2392 376 2456 videtur
398 2412 465 2454 esse
487 2391 559 2473 1119,
588 2414 669 2475 quae
697 2415 785 2456 nuno
811 2393 916 2475 prima
938 2395 988 2455 est
1008 2393 1043 2455 in
1065 2393 1161 2454 tertio
1179 2392 1261 2456 libro
1284 2394 1324 2456 ad
1346 2392 1391 2455 M.

253 2493 430 2557 Caesarem.
477 2490 604 2575 Scripta
627 2495 691 2575 est,
716 2494 751 2556 ni
779 2492 889 2575 fallor,
918 2494 973 2555 ΑΟ.
999 2493 1075 2574 139,
1106 2495 1275 2576 postremis
1304 2516 1392 2558 men-

253 2595 357 2677 sibus,
393 2616 464 2657 cum
503 2593 623 2657 Fronto
660 2594 728 2658 fere
761 2594 997 2678 quinquaginta
1030 2616 1131 2657 annos
1163 2598 1259 2658 natus
1297 2599 1390 2678 esset,

252 2697 369 2779 quippe
397 2696 450 2777 qui
473 2696 537 2757 iam
566 2696 624 2757 sub
646 2695 806 2758 Hadriani
827 2695 1012 2778 principatu
1034 2696 1118 2758 inter
1140 2696 1302 2760 Romanos
1324 2719 1392 2760 ora-

252 2800 336 2860 tores
363 2798 501 2877 primum
521 2794 627 2858 locum
654 2797 860 2879 obtinuisset,
891 2817 963 2859 cum
989 2817 1055 2859 non
1078 2796 1247 2860 admodum
1267 2799 1392 2861 iuvenis

252 2897 369 2960 litteris
392 2919 521 2980 operam
543 2897 619 2959 dare
643 2898 807 2982 coepiSset.
840 2896 884 2962 M.
909 2897 1035 2981 Caesar,
1059 2898 1114 2981 qui
1135 2903 1247 2982 postea
1262 2899 1307 2962 M.
1325 2898 1391 2961 An-

253 2999 384 3062 toninus
406 2999 617 3083 Philosophus
639 2999 712 3083 fuit,
738 3022 860 3064 annum
875 3001 993 3084 agebat
1012 3000 1292 3088 undevicesimum,
1316 3024 1393 3063 nam

252 3106 347 3164 natus
376 3105 425 3164 est
452 3102 506 3164 ΑΟ.
534 3101 591 3163 121
621 3102 671 3165 die
699 3105 787 3166 sexto
813 3101 885 3165 Kal.
915 3101 1008 3184 Mai,
1041 3102 1130 3164 brevi
1161 3105 1236 3165 ante
1259 3103 1393 3165 duxerat

252 3203 441 3266 Faustinam
462 3204 495 3264 et
515 3205 594 3264 tunc
616 3207 821 3285 quaesturam
843 3204 985 3287 gerebat.
1022 3201 1159 3265 Videtur
1181 3201 1313 3284 Caesar,
1338 3203 1392 3285 qui

253 3303 348 3387 paulo
371 3305 446 3365 ante
467 3303 502 3364 in
524 3302 697 3366 Frontonis
720 3304 923 3388 disciplinam
945 3303 1067 3367 delatus
1091 3307 1168 3386 erat,
1194 3325 1232 3366 ex
1255 3303 1391 3366 lectione

253 3408 396 3467 veterum
423 3406 590 3485 poetarum
619 3407 650 3466 91
677 3405 884 3487 scriptorum,
919 3425 996 3486 quos
1018 3403 1137 3466 Fronto
1172 3427 1243 3467 cum
1278 3405 1391 3466 ceteris

254 3505 438 3589 aequalibus
461 3505 604 3588 impense
628 3505 855 3587 admirabatur,
878 3505 913 3566 in
936 3505 1110 3588 scriptione
1125 3506 1272 3588 quadam,
1296 3528 1392 3588 spiram

253 3607 407 3690 magistro
430 3606 599 3689 obtulerat,
623 3606 728 3670 verbis
749 3628 825 3669 usus
848 3627 916 3669 esse
938 3606 1034 3669 nimis
1056 3607 1171 3690 priscis
1194 3611 1227 3670 et
1249 3630 1267 3669 a
1289 3608 1391 3690 quoti-

254 3707 349 3770 diano
371 3729 430 3769 usu
451 3708 591 3771 remotis.
637 3707 755 3772 Suadet
782 3707 937 3790 magister
966 3706 1110 3791 Caesari,
1140 3710 1177 3770 ut
1204 3709 1393 3791 simpliciter
1447 3707 1449 3710 ⁴

254 3808 353 3871 dieat:
398 3808 474 3871 olim
509 3808 544 3871 in
582 3811 695 3872 senatu
729 3808 780 3872 vel
815 3809 850 3871 in
889 3808 1037 3872 contione
1069 3832 1145 3873 usus
1185 3813 1254 3872 erat
1287 3810 1392 3872 verbis

253 3909 375 3972 idoneis
410 3912 442 3972 et
475 3932 494 3972 9
525 3909 642 3992 populo
680 3910 835 3993 probatis.
890 3908 1002 3973 Brevis
1041 3933 1165 3995 quoque
1202 3914 1272 3973 erat
1304 3910 1390 3972 inter

253 4014 422 4093 utrumque
445 4011 570 4093 notitia,
596 4033 668 4074 cum
690 4010 807 4075 Caesar
829 4011 984 4075 scriberet
1006 4011 1099 4094 epist.
1123 4011 1182 4093 III,
1206 4013 1236 4074 2.
1271 4011 1391 4074 Fronto

254 4115 458 4175 accusaturus
489 4115 557 4174 erat
583 4111 744 4176 Herodem
772 4113 934 4194 Atticum,
969 4113 1023 4195 qui
1055 4113 1222 4177 Gaesarem
1253 4112 1391 4176 Graecas

253 4213 377 4276 litteras
393 4213 537 4275 docebat.
560 4212 758 4297 Quamquam
772 4212 950 4297 periculum
965 4217 1023 4295 est,
1040 4235 1081 4275 119
1092 4211 1248 4275 Frontoni
1264 4214 1391 4295 „audax

253 4315 429 4398 puerulus‘
450 4314 595 4377 videatur
618 4337 685 4379 esse
706 4353 749 4364 --
771 4315 855 4378 unde
884 4315 988 4377 efficio
1011 4313 1188 4395 Caesarem,
1213 4335 1285 4376 cum
1313 4314 1392 4378 haec

238 4405 423 4497 scriberet,
454 4415 622 4479 admodum
649 4417 747 4480 fuisse
771 4417 1005 4480 adolescentem
1031 4413 1243 4478 -hortatur
1270 4418 1390 4498 tamen,

254 4539 295 4580 ne
317 4517 470 4599 magister
491 4517 526 4580 in
549 4518 727 4581 accusando
756 4518 935 4581 convicium
957 4515 1077 4579 Herodi
1104 4517 1210 4579 facere
1237 4517 1330 4599 velit,
1358 4539 1392 4580 se

254 4616 372 4679 Herodi
401 4617 485 4680 idem
508 4619 672 4702 scripsisse
695 4622 728 4682 et
749 4618 985 4702 impetravisse,
1009 4639 1050 4680 ne
1071 4617 1238 4681 inimicum
1259 4618 1392 4681 lacesse-

254 4722 314 4780 ret.
359 4717 543 4801 Respondet
568 4719 688 4783 Fronto
710 4720 745 4782 in
768 4720 860 4802 epist.
884 4718 1009 4800 111,3,
1039 4741 1134 4802 quam
1161 4719 1271 4783 statim
1294 4740 1392 4803 agno-

255 4841 324 4883 sces
347 4815 418 4882 cum
434 4819 555 4882 duabus
570 4820 785 4904 superioribus
799 4822 873 4902 post
888 4841 1051 4883 excessum
1065 4819 1223 4884 Hadriani
1239 4821 1392 4904 scriptam
