3300 5950
362 767 544 821 FuoN'ron.
563 767 612 821 AD
630 768 666 820 M.
689 767 910 856 Annoninoll
927 769 975 821 DE
995 768 1235 833 ELOQUENTIA.
1312 772 1372 835 139

444 1245 513 1327 (Μ.
543 1245 813 1328 CORNELII
843 1248 1155 1329 PRONTONIS

342 1400 407 1472 AI)
434 1402 481 1473 M.
510 1399 800 1472 ANTONINUM
825 1400 889 1471 ΒΕ
916 1400 1261 1494 neocosmum.)

473 1584 504 1648 Ι.
551 1582 747 1669 (Antonino
769 1580 933 1666 Augusto
955 1584 1119 1667 Fronto.)

231 1770 402 1783 ......
431 1720 454 1758 '²
479 1770 484 1781 .
512 1771 517 1781 .
545 1771 551 1782 .
579 1771 584 1783 .
612 1771 617 1782 .
650 1719 781 1784 castella
808 1720 993 1797 verborum,
1023 1720 1235 1785 conciliabula
1262 1721 1372 1785 verbo·

228 1845 298 1894 rum
320 1821 399 1905 loc0,
425 1822 560 1905 gradus,
584 1822 742 1906 pondera,
767 1808 890 1885 aetates
897 1872 906 1905 ,
931 1818 1169 1905 dignitatesque
1192 1822 1370 1886 dinoscere:

228 1947 268 1987 ne
295 1924 330 1986 in
359 1922 503 1986 oratione
531 1927 752 2007 praepostere,
789 1927 823 1986 ut
852 1924 886 1987 in
913 1923 1091 1987 temulento
1119 1946 1156 1988 ac
1183 1925 1372 2007 perturbato

229 2025 384 2107 convivio,
410 2024 651 2089 conlocentur³z
674 2047 755 2110 quae
770 2026 853 2089 ratio
876 2026 919 2089 sit
941 2025 1039 2089 verba
1061 2026 1247 2110 geminandi
1270 2030 1302 2090 et
1323 2027 1371 2089 in-

227 2127 353 2190 terdurn
367 2124 614 2210 trigeminaudi‚
638 2148 881 2211 nonnumquam
901 2128 1144 2213 quadriplicia⁴‚
1169 2150 1264 2211 saepe
1280 2129 1370 2212 quin-

228 2230 317 2313 quies
341 2232 395 2291 aut
418 2250 454 2292 eo
477 2228 613 2312 amplius
636 2228 797 2312 superlata
819 2230 975 2312 ponendi:
1012 2252 1053 2294 ne
1081 2230 1201 2294 frustra
1224 2252 1304 2293 neve
1326 2234 1371 2294 te-

227 2352 313 2393 mere
336 2331 505 2394 verborum
534 2333 637 2395 strues
667 2333 891 2414 acerventurl,
922 2332 977 2395 sed
1005 2336 1042 2395 ut
1071 2336 1158 2396 certo
1186 2354 1224 2396 ac
1252 2331 1371 2396 sollerti

228 2433 366 2495 termino
387 2432 551 2496 uniantur.
590 2425 593 2431 ¹

199 2595 200 2598 ,
312 2534 391 2598 Post
411 2536 474 2599 ista
490 2536 597 2599 omnia
612 2536 817 2627 investigata,
843 2536 1055 2619 examinata⁵‚
1080 2535 1243 2618 distincta,
1266 2536 1370 2618 finita,

229 2638 373 2721 cognita:
397 2637 564 2701 verborum
586 2638 737 2721 omnium,
762 2640 798 2700 ut
818 2639 866 2701 ita
886 2637 1031 2719 dixerim,
1056 2638 1115 2715 de6
1137 2637 1265 2721 populo,
1290 2638 1372 2702 sicut

313 2877 330 2913 a
348 2864 381 2912 ln
399 2864 525 2927 marpine:
553 2859 595 2913 Ne
612 2860 718 2913 temere
737 2875 771 2912 ne
790 2859 895 2912 frustra
917 2859 1066 2912 verborum
1089 2859 1177 2912 strues
1195 2859 1371 2913 acerbantur.

314 3053 328 3099 1
347 3046 507 3115 Sequuntur
525 3046 632 3114 aliquot
649 3045 723 3111 folia,
742 3062 861 3112 quorum
878 3045 962 3099 series
979 3061 1035 3099 non
1054 3046 1136 3099 certis
1153 3046 1326 3114 argmnentis
1345 3048 1373 3100 et

229 3131 336 3184 indiciis
348 3132 444 3200 potest
456 3130 572 3184 restitui.
597 3130 686 3184 Maius
698 3130 728 3183 in
746 3129 868 3184 editione
885 3129 1063 3198 negligenter
1080 3146 1139 3184 rem
1158 3130 1372 3197 administravit,

229 3217 276 3285 qui
298 3215 365 3269 folia
387 3214 528 3269 interdum
550 3213 591 3268 ita
613 3214 781 3284 disposuerit
801 3216 834 3268 ut
855 3231 941 3267 unum
962 3213 1059 3267 folium
1079 3213 1153 3268 inter
1176 3214 1244 3268 duos
1263 3216 1373 3281 quater·

228 3300 324 3355 aiones
342 3299 562 3353 distribueretur.
600 3297 679 3363 Quod
702 3298 779 3367 dedi,
806 3297 925 3368 explicui
946 3297 976 3351 in
998 3299 1219 3368 Prolegomenis3
1250 3300 1372 3353 concedo

228 3405 283 3440 uon
307 3384 400 3439 omnia
421 3383 451 3437 in
473 3401 507 3438 ea
530 3383 710 3453 dispositione
729 3400 790 3438 esse
809 3382 973 3449 certissima,
997 3383 1047 3438 sed
1068 3385 1163 3437 tamen
1186 3384 1254 3438 mihi
1276 3384 1373 3439 videor

229 3471 372 3539 aliquanto
390 3467 505 3539 propius
524 3469 560 3522 ad
571 3467 720 3522 veritatem
733 3468 889 3523 accessisse.
915 3466 1039 3521 Titulum
1052 3469 1100 3536 qui
1117 3468 1146 3521 in
1165 3468 1266 3522 Codice
1285 3468 1372 3535 deest,

229 3554 314 3608 sumsi
337 3572 354 3608 a
376 3553 462 3620 Maio,
486 3553 533 3622 qui
554 3552 738 3607 Niebuhrium
759 3552 787 3605 in
811 3569 845 3606 ea
866 3569 896 3605 re
921 3551 1099 3618 sequebatur.
1135 3553 1199 3606 Non
1222 3553 1372 3607 admodum

228 3641 296 3693 utile
315 3641 344 3693 et
361 3639 532 3692 fructuosum
550 3655 610 3692 esse
627 3637 693 3690 duxi
712 3636 805 3690 omnia
821 3636 935 3690 Maiana
952 3635 1122 3703 describere,
1146 3637 1196 3692 sed
1213 3637 1237 3690 si
1255 3637 1316 3704 quis
1333 3638 1373 3690 in-

229 3723 327 3792 spiciet
348 3742 374 3792 p.
395 3729 445 3776 226
468 3724 497 3777 et
520 3729 569 3776 238
591 3721 642 3775 Ed.
666 3722 745 3776 Rom.
770 3720 878 3775 videbit
898 3721 991 3790 ipsum
1012 3720 1102 3774 virum
1125 3721 1373 3776 eminentissimum

228 3807 396 3861 intellexisse
426 3807 570 3860 turbatum
589 3807 727 3861 ,foliorum
754 3805 882 3860 ordinem
904 3822 922 3859 a
946 3823 975 3860 se
1005 3822 1062 3858 non
1089 3806 1249 3861 restitutum
1275 3807 1371 3873 fuisse;

229 3910 283 3959 quo
296 3892 386 3959 magis
398 3891 480 3946 venia
498 3891 591 3946 danda
609 3891 675 3957 erit,
694 3890 763 3944 siin
782 3889 949 3958 quibusdam
967 3891 1092 3945 obscuris
1105 3892 1134 3944 et
1145 3890 1243 3945 laceris
1260 3890 1372 3960 paginis

228 3977 300 4030 ratio
319 3993 363 4029 me
386 3975 526 4029 interdum
543 3976 647 4044 fugisse
670 3975 818 4030 videbitur.
851 3976 942 4030 Lucro
964 3977 1061 4030 tamen
1084 3976 1188 4045 deputo
1212 3976 1287 4043 quod
1309 3992 1373 4029 mox

229 4061 257 4113 in
275 4061 399 4114 tractatu
416 4059 451 4114 de
469 4059 642 4114 orationibus
665 4077 680 4113 e
698 4060 756 4114 luto
775 4077 957 4128 emergamus.

314 4152 328 4197 2
347 4144 447 4213 Incipit
465 4144 532 4198 Cod.
549 4164 576 4215 p.
596 4151 654 4200 404.

313 4237 328 4283 3
346 4229 423 4283 Haec
440 4229 580 4284 sententia
595 4229 694 4283 itidem
710 4229 815 4297 legitur
832 4231 861 4282 in
873 4230 1008 4299 margine.
1034 4230 1161 4297 Quinque
1174 4221 1266 4299 prima
1277 4230 1372 4295 verba,

230 4331 301 4381 quae
324 4324 406 4367 sensu
423 4331 511 4369 vacua
529 4316 592 4368 sunt
611 4316 639 4369 et
657 4316 731 4369 artes
749 4315 861 4368 nostras
879 4314 1005 4380 eludunt,
1030 4314 1148 4369 assumsi
1166 4331 1181 4368 e
1199 4315 1327 4384 margine
1344 4313 1372 4368 in

230 4415 284 4466 quo
304 4397 393 4452 solum
409 4398 548 4467 leguntur.
583 4398 668 4452 Errat
684 4398 774 4452 Maius
793 4397 842 4467 qui
858 4398 928 4452 hacc
944 4400 1031 4453 verba
1048 4399 1077 4452 in
1089 4401 1143 4453 fine
1157 4415 1214 4465 seq.
1233 4416 1299 4469 pag.
1319 4400 1373 4453 col-

229 4484 339 4549 locavit,
358 4500 528 4550 quamquam
545 4484 637 4538 fateor
654 4500 717 4537 mea
733 4481 803 4535 nihil
820 4481 964 4550 interesse,
982 4502 1067 4551 quum
1086 4483 1130 4549 „in
1142 4483 1296 4538 temulento
1310 4500 1372 4538 con·
1459 4487 1461 4490 ’

229 4567 319 4622 vivi0“
340 4568 425 4621 verba
442 4569 624 4637 praepostere
642 4568 821 4623 collocentur.

313 4653 392 4705 riu
410 4651 511 4706 Codex.

315 4745 330 4792 5
349 4739 392 4791 lta
410 4736 510 4792 Codex.
546 4737 648 4792 Maius:
664 4744 799 4806 geminata.

314 4830 329 4876 6
347 4823 410 4876 Non
428 4823 547 4891 apparet
563 4822 593 4876 in
610 4824 701 4890 textu,
719 4823 768 4879 sed
785 4823 840 4878 vid.
859 4840 947 4893 marg.
