3300 5950
489 825 495 833 -
588 789 635 843 DE
653 788 770 879 unalis
788 788 1028 843 ALSIENSIBUS.

588 1115 674 1198 lm.
708 1116 1026 1197 FRONTONIS

513 1285 576 1356 ou
603 1283 756 1357 sunus
782 1261 1099 1357 insinuemus.

631 1468 663 1533 Ι.
696 1468 869 1550 Magistro
891 1467 979 1533 Meo.

320 1602 429 1666 Ferias
446 1604 529 1687 apud
544 1603 671 1666 Alsium
687 1603 802 1687 quam²
818 1603 950 1665 feriatas
966 1603 1136 1685 egerimus,
1155 1624 1221 1666 non
1237 1602 1376 1665 scribam
1489 1592 1491 1594 ’

236 1706 307 1787 tibi,
330 1727 371 1768 ne
394 1706 516 1788 etipse
539 1706 670 1788 angaris
693 1708 725 1768 et
739 1727 790 1768 me
805 1704 966 1786 obiurges,
988 1704 1033 1766 mi
1048 1704 1212 1787 magister.
1247 1702 1376 1766 Lorium

237 1809 343 1869 autem
359 1828 521 1890 regressus
536 1806 751 1869 Domnulam3
772 1827 878 1869 meam
901 1806 956 1866 ..⁴
977 1805 1216 1867 febricitantem
1237 1805 1374 1888 repperi.

237 1905 378 1969 Medicus
401 1907 490 1989 dicit,
520 1909 547 1969 si
570 1907 653 1970 cito⁵
675 1907 767 1970 nobis
790 1928 841 1969 me
866 1955 873 1968 .
900 1954 906 1969 .
933 1954 940 1968 .
963 1908 1000 1968 tu
1023 1906 1198 1987 quoquevi
1225 1954 1232 1968 .
1259 1955 1265 1968 .
1292 1955 1299 1968 .
1323 1928 1375 1968 va-

237 2007 303 2069 leas
328 2056 334 2069 .
361 2056 368 2070 .
396 2008 510 2071 laetior
543 2008 613 2072 sim.
658 2004 768 2095 Nlam]
798 2007 898 2070 oculis
932 2027 1024 2089 spero
1056 2008 1088 2069 te
1121 2002 1205 2091 [cum
1236 2005 1376 2093 lauldem
1458 2032 1461 2037 ·

237 2108 324 2170 sanis
347 2111 379 2171 et
403 2158 410 2170 .
436 2158 442 2171 .
469 2111 498 2171 ,θ
541 2108 622 2172 Vale
644 2108 692 2172 mi
710 2109 875 2193 magister.

443 2327 496 2392 ΙΙ.
526 2328 676 2395 Domino
698 2328 774 2393 Meo
797 2325 977 2392 Antonino
1000 2324 1174 2409 Augusto.

322 2479 430 2543 Ferias
453 2480 617 2544 Alsienses
642 2529 649 2543 .
675 2530 682 2544 .
705 2480 778 2543 misi
803 2529 810 2543 .
837 2529 844 2543 .
867 2480 901 2543 ni
926 2530 933 2542 .
959 2528 966 2543 .
990 2479 1025 2542 in
1048 2478 1192 2541 nobellae
1208 2479 1283 2565 quid
1302 2501 1375 2542 can-

236 2582 325 2642 tetur
346 2580 452 2644 uiniae
475 2584 571 2665 atque
595 2630 602 2645 .
629 2582 657 2645 ,⁷
679 2582 755 2665 quid
777 2581 951 2644 multarum
972 2580 1174 2643 rusticarum.
1219 2580 1374 2643 Catonem

238 2703 361 2765 quoque
383 2683 418 2746 in
441 2684 605 2747 oratione8
633 2683 782 2746 adversus
810 2681 965 2764 Lepidum
993 2682 1124 2744 verbum
1152 2681 1277 2744 cantari
1305 2681 1376 2743 soli-

237 2785 306 2846 tum
336 2805 616 2869 commemorasse,
654 2806 725 2849 cum
754 2784 820 2848 ait:
862 2787 987 2847 Statuas
1016 2790 1130 2861 positus
1159 2785 1260 2846 Oetae
1287 2793 1378 2860 utque

238 2890 445 2966 Dionysodoro
467 2893 661 2966 effeminatis,
686 2892 739 2965 qui
761 2892 897 2964 macnus
915 2885 1087 2959 facerent.
1133 2882 1168 2945 Id
1190 2884 1225 2945 in
1250 2933 1256 2945 .
1282 2932 1289 2946 .
1314 2906 1378 2946 me·

238 2989 296 3048 ant
319 3035 326 3049 .
353 3036 359 3050 .
383 2988 485 3051 velint
506 2991 579 3071 post
606 2987 708 3050 redire
733 3035 740 3050 .
766 3035 773 3049 .
797 2986 832 3049 in
860 3007 897 3049 ea
921 3034 928 3049 .
954 3035 961 3050 .
984 2985 1073 3048 iacit.
1119 2984 1307 3068 Opportune
1334 3033 1375 3048 ..

238 3087 331 3149 brum
354 3136 361 3150 .
387 3136 394 3150 .
418 3088 479 3149 rim
507 3087 659 3150 cantandi
680 3086 873 3169 ludendique
895 3087 1024 3149 imtium
1047 3086 1189 3168 capiunt.
1234 3085 1279 3149 nt
1301 3135 1308 3148 .
1334 3086 1378 3149 .¹⁰

238 3188 374 3269 paravit.

241 3325 440 3333 —-—-——--,.-

325 3396 336 3442 1
355 3389 456 3459 Incipit
469 3389 534 3444 Cod.
553 3408 581 3459 p.
594 3396 652 3456 218,
670 3391 799 3444 obscura:
817 3390 862 3443 Du
873 3389 945 3444 Rieu
962 3405 1017 3443 non
1036 3389 1129 3442 omnia
1141 3387 1267 3442 contulit.
1284 3419 1316 3425 —
1332 3389 1377 3440 Al-

239 3474 335 3527 siensis
357 3474 439 3529 villae
465 3474 655 3528 celebritatem
678 3474 722 3529 vel
743 3491 776 3528 ex
797 3473 860 3543 ipso
883 3474 1014 3528 Cicerone
1041 3473 1231 3541 cognoscimus
1254 3473 1290 3525 ad
1310 3473 1375 3525 fam.

238 3558 283 3612 IX.
302 3563 326 3625 6,
344 3559 380 3612 ad
397 3559 454 3613 Att.
473 3558 546 3611 XIII.
567 3564 607 3624 50,
625 3574 676 3627 pro
693 3557 750 3611 Mil.
769 3565 809 3612 20.
848 3563 941 3612 Μαίιιε.
1272 3569 1274 3572 ’

323 3649 338 3696 2
356 3643 388 3696 ld
406 3644 450 3696 cst
467 3664 539 3711 quum
556 3663 653 3710 porrum.
691 3646 867 3697 Buttmannus.

323 3727 400 3780 sna
416 3726 514 3781 Maius.
550 3725 663 3780 Amicus
680 3726 846 3780 vocabulum
864 3726 1035 3796 distinguere
1053 3745 1109 3782 non
1127 3726 1225 3796 potuit.

322 3816 339 3864 4
357 3809 460 3880 Supple
478 3813 563 3864 unum
580 3810 704 3880 verbum.
740 3815 836 3865 Maius.

324 3896 399 3948 elta
416 3895 513 3949 Maius.
543 3894 655 3949 Amicus
672 3893 831 3962 descripsit:
854 3900 971 3950 Medias
989 3935 1128 3953 ......
1146 3901 1205 3950 teile
1223 3899 1302 3949 nobis.

324 3978 389 4031 ssln
405 3979 448 4032 his
465 3978 569 4032 lacunis
588 3978 692 4032 cubant
710 3995 803 4033 versus
821 3982 893 4034 octo·
929 3984 1023 4038 Maius.

325 4066 340 4114 ‘1
357 4061 406 4115 His
422 4062 528 4117 lacunis
546 4064 715 4131 occupantur·
733 4079 829 4117 versus
848 4063 1002 4118 duodecim.
1034 4069 1128 4118 Maius.

324 4148 340 4197 8
359 4143 434 4208 Quae
452 4164 588 4215 nusquam
605 4145 673 4201 alibi
690 4149 868 4202 memoratur.
904 4148 1054 4202 Iordanum
1072 4151 1105 4203 cf.
1124 4167 1152 4218 p.
1172 4155 1214 4206 61.

325 4234 341 4281 9
358 4228 399 4282 De
416 4230 525 4299 magira
542 4233 571 4286 et
588 4230 704 4285 macello
722 4230 785 4299 lege
802 4230 982 4285 Plutarchum
1000 4251 1026 4299 q.
1046 4249 1114 4300 rom.
1135 4232 1178 4286 ed.
1196 4231 1288 4286 Reisk.
1308 4235 1374 4286 toni.

240 4311 291 4364 VH
308 4329 334 4380 p.
357 4319 411 4366 122.
448 4314 564 4369 Videtur
589 4316 683 4370 autem
707 4314 736 4368 in
758 4314 811 4369 hac
828 4316 961 4370 adversus
978 4316 1113 4386 Lepidum
1132 4317 1257 4371 oratione
1276 4316 1375 4370 dixisse

241 4393 310 4449 Cato
327 4395 356 4448 id
374 4398 448 4463 quod
465 4400 509 4452 ter
525 4402 623 4454 narrat
639 4400 816 4466 Plutarchus,
844 4418 944 4470 nempe
965 4401 1048 4455 malle
1071 4418 1100 4454 se
1122 4401 1151 4453 iu
1173 4402 1257 4468 vulgo
1282 4400 1378 4467 quaeri

188 4501 190 4505 >
241 4497 288 4532 cur
305 4480 660 4551 nullasuastatuaesset‚
684 4502 767 4551 quam
791 4487 939 4540 curescet.
975 4489 1069 4538 Maius.
1106 4485 1182 4538 Idem
1201 4484 1299 4537 scribit
1318 4490 1379 4538 1)ἰο-

240 4569 377 4630 nysidorm
403 4565 466 4618 vide
489 4566 523 4621 de
546 4584 580 4621 ea
600 4568 691 4623 forma
717 4568 844 4626 Corssen.
879 4568 1092 4638 Aussprache
1111 4569 1123 4620 I
1146 4587 1174 4636 p.
1192 4573 1242 4620 296
1265 4570 1295 4622 et
1320 4568 1378 4621 Rit-

240 4647 372 4701 schelium
389 4649 418 4701 in
435 4648 504 4706 Mus.
522 4651 610 4705 Rhen.
629 4652 680 4705 XII
698 4672 726 4722 p.
747 4659 807 4718 1053
825 4670 922 4707 verum
940 4653 1043 4706 amicus
1060 4651 1089 4705 in
1108 4651 1208 4705 Codice
1227 4651 1308 4705 vidit:
1333 4659 1376 4707 D.

241 4738 417 4799 ..ysodorm

308 4824 340 4872 10
357 4818 458 4872 Latent
475 4817 503 4872 in
521 4818 563 4872 his
579 4819 684 4875 lacunis
702 4838 798 4877 versus
816 4822 952 4877 undecim.
988 4825 1082 4875 Maian.
