3300 5950
314 783 375 845 124
524 780 560 833 M.
575 778 744 834 CORNELII
762 779 969 833 FRONTONIS
986 779 1242 835 EPISTULARUM
1332 846 1335 849 ⁴

396 950 474 1027 Quis
502 972 611 1014 eorum
639 951 783 1014 oratione
811 972 868 1013 sua
896 950 1049 1034 populum
1078 954 1134 1014 aut
1161 954 1309 1015 senatum
1338 953 1451 1035 adfari,

311 1054 382 1137 quis
405 1052 554 1135 edietum,
579 1051 649 1135 quis
665 1051 835 1136 epistulam
849 1053 982 1115 suismet
996 1052 1101 1115 verbis
1118 1074 1306 1135 componere
1326 1054 1454 1137 potuit?

311 1156 409 1230 Quasi
424 1154 583 1238 phrenitis
593 1154 602 1193 ¹
614 1154 744 1217 morbus
759 1152 874 1237 quibus
889 1154 1064 1237 implicitus
1080 1156 1138 1236 est,
1153 1153 1258 1217 aliena
1270 1156 1453 1237 eloquentes

310 1255 558 1340 imperitabant:
585 1259 622 1319 ut
643 1256 741 1319 tibiae
765 1255 835 1319 sine
857 1278 911 1320 ore
933 1256 1037 1319 alieno
1059 1256 1186 1319 mutae²
1209 1261 1331 1321 erant³.

394 1357 569 1441 imperium
592 1361 699 1420 autem
720 1378 787 1420 non
814 1358 984 1442 potestatis
1004 1359 1227 1422 tantummodo
1249 1355 1450 1438 vocabulum,

216 1497 220 1503 ·
311 1462 366 1524 sed
389 1460 486 1523 etiam
501 1458 655 1522 orationis
671 1459 751 1521 esth.
784 1456 908 1543 Quippe
924 1459 971 1523 vis
985 1460 1164 1543 imperandi
1183 1460 1321 1523 iubendo
1343 1463 1452 1523 vetan-

245 1646 248 1648 .
311 1562 413 1645 doque
436 1562 610 1624 exercetur.
641 1557 713 1622 Nisi
728 1560 810 1623 bene
831 1560 920 1623 faeta
942 1561 1062 1644 laudet,
1086 1562 1149 1625 nisi
1171 1583 1339 1646 perperam
1361 1563 1453 1644 gesta

311 1662 540 1747 reprehendat,
564 1660 627 1725 nisi
649 1660 795 1725 hortetur
818 1662 858 1725 ad
872 1662 1034 1745 virtutem,
1059 1663 1121 1726 nisi
1138 1662 1258 1727 avitiis
1281 1662 1450 1743 deterreat,

310 1786 429 1830 nomen
451 1785 543 1828 suum
566 1764 706 1844 deserat,
737 1767 769 1828 et
795 1764 969 1846 imperator
996 1764 1117 1828 frustra
1140 1764 1319 1848 appelletur
1343 1812 1350 1825 .
1377 1814 1383 1825 .
1410 1814 1416 1826 .
1443 1812 1450 1827 .

398 1967 422 2050 {3
444 1970 574 2050 partum
596 1942 968 2049 suaderent'imperium.
999 1967 1095 2031 Falsa
1115 1968 1371 2052 pugnadeferre
1393 1966 1452 2028 mi-

310 2070 404 2133 litare
426 2068 586 2152 flagitium
608 2068 829 2134 testimonium
853 2070 1054 2151 ..capitalic
1078 2117 1450 2133 ‚‚‚‚‚‚‚‚‚‚

313 2172 337 2255 Ρ
361 2208 396 2232 ω
420 2176 548 2253 pparoui
570 2196 634 2233 non
657 2175 761 2234 <larem
1000 2178 1104 2234 matris
1120 2196 1237 2235 summa
1252 2177 1313 2235 iam
1328 2195 1367 2253 po

418 2260 437 2318 d
524 2280 620 2319 emem
644 2306 650 2319 .
676 2306 683 2319 .
709 2306 714 2319 .
739 2268 770 2318 at
795 2260 825 2318 al
999 2262 1257 2321 testasdestinata
1273 2269 1332 2319 est:
1350 2269 1449 2337 opste-

416 2346 512 2403 latum
534 2353 590 2404 est.
964 2419 966 2424 A
999 2348 1082 2405 tricis
1099 2367 1191 2405 manu
1206 2346 1367 2423 imperium

387 2482 548 2559 Plerisque
564 2481 656 2539 etiam
671 2475 841 2558 indignus⁵
959 2514 984 2574 Ο
1000 2432 1223 2575 adiplscuzsslusr
1236 2477 1248 2572 '·
1365 2473 1452 2591 agr‘ia

416 2560 581 2643 indignus⁶
598 2573 744 2643 paternus
759 2568 840 2623 loeus
1003 2609 1049 2659 est
1070 2622 1138 2659 we

416 2652 572 2730 imperium
588 2670 643 2727 per
657 2670 764 2708 manus
1002 2686 1047 2743 h.
1098 2645 1104 2659 “’
1134 2644 1139 2657 ’
1167 2644 1450 2658 '''''''''''

418 2736 540 2794 detulit:
560 2735 635 2793 haut
649 2752 735 2793 secas
751 2754 841 2813 quam
1066 2728 1450 2745 ''''''''''''''''

417 2821 508 2919 pissiis
524 2819 640 2918 ‚quibus
657 2819 760 2918 munia.
776 2840 868 2896 gene*
1003 2864 1092 2934 patus
1108 2872 1204 2913 rernm
1220 2856 1352 2910 Romano

417 2925 457 2963 ns
473 2924 608 2983 mslgma
623 2903 661 2963 ab
678 2925 735 2963 ovo
750 2925 811 2963 iam
1002 2961 1067 2999 rum
1365 2964 1377 2975 μ

416 2991 509 3050 insita
524 2999 605 3063 sunt,
623 2991 733 3050 cristae
749 2998 780 3049 et
800 2991 866 3068 plu·
1091 2984 1349 2999 '''''''''''
1362 2984 1375 3057 (j
1394 2985 1399 2996 “
1417 2984 1424 2997 ‘
1443 2988 1448 3000 '

415 3098 465 3136 ma
481 3085 511 3136 et
526 3084 633 3136 cantus
650 3084 681 3135 et
697 3074 834 3153 vigiliae.
1000 3076 1044 3154 pli
1062 3121 1068 3135 .
1085 3097 1118 3135 ee
1141 3120 1450 3136 .............

415 3162 535 3238 Regum
550 3162 652 3239 pueris
667 3161 699 3218 in
716 3168 802 3219 utero
1002 3207 1159 3219 .......
1182 3162 1266 3239 prior
1281 3181 1370 3220 nemo
1394 3206 1400 3219 .
1419 3206 1425 3219 .
1444 3205 1450 3219 .

395 3394 412 3429 a
430 3380 463 3429 In
480 3380 607 3444 marpine:
626 3372 725 3429 Tibiae
743 3373 801 3428 sine
819 3372 910 3428 alieno
930 3389 977 3427 ore
996 3376 1090 3429 mutae
1108 3375 1197 3429 erant.

394 3460 413 3512 b
432 3464 466 3513 In
483 3465 609 3528 nzarpine:
630 3459 787 3528 Imperator
805 3458 894 3513 sciens
912 3476 970 3513 esse
989 3459 1074 3514 debet
1090 3459 1255 3514 litterarum.
1292 3464 1346 3513 Pro
1363 3461 1451 3528 inipe-

311 3547 389 3602 rator
408 3550 501 3598 antima
518 3549 594 3598 vidit:
614 3586 726 3597 .....
746 3544 916 3612 aterequea.
936 3587 941 3598 .
960 3550 1045 3612 sorte:
1062 3543 1216 3614 imperator
1228 3560 1316 3612 aeque
1334 3561 1385 3598 ao.
1402 3587 1406 3596 .
1422 3587 1448 3597 ..

395 3633 461 3682 oln
479 3635 606 3696 marpine:
632 3627 742 3682 Veteris
769 3628 945 3696 eloquentiae
972 3629 1094 3683 colorem
1111 3629 1309 3683 adumbratum
1327 3627 1451 3682 ostendit

309 3714 362 3768 hac
379 3714 445 3767 lan
464 3756 468 3766 .
490 3756 494 3766 .

313 3836 514 3846 ...--—.-

396 3874 412 3953 i
429 3900 495 3955 eod.
513 3918 555 3969 pr.
575 3918 610 3953 m.
627 3905 742 3968 paretis:
761 3916 814 3954 seo.
835 3917 870 3952 m.
890 3905 1028 3968 phrenetir.

395 3992 410 4039 2
428 3985 613 4039 Buttmannus
632 3983 728 4039 scribit
745 3991 811 4038 muti.

395 4070 529 4140 3Incipit
552 4069 618 4123 Cod.
642 4069 769 4123 Ambros.
793 4088 820 4138 p.
840 4076 903 4136 411,
932 4086 1015 4137 quam
1039 4069 1155 4124 exhibeo
1177 4069 1231 4123 fide
1254 4069 1329 4123 Maii.
1371 4070 1451 4134 Quod

310 4154 379 4210 vidit
405 4157 449 4208 est
473 4155 503 4208 in
530 4154 668 4224 margine:
699 4154 803 4209 amicus
830 4154 900 4207 nihil
926 4154 1051 4208 distinxit
1076 4157 1201 4225 praeter:
1230 4197 1235 4207 .
1257 4197 1262 4206 .
1282 4195 1289 4208 .
1311 4195 1316 4206 .
1335 4152 1424 4209 thIC
1447 4205 1449 4207 .

309 4281 315 4295 .
337 4283 342 4293 .
364 4239 516 4293 CAPITAL
536 4282 754 4294 .........
774 4244 923 4293 iusrumest.
954 4238 1084 4307 Sequitur
1102 4239 1158 4294 alia
1176 4239 1315 4293 sententia
1331 4240 1360 4293 in
1378 4257 1451 4293 mar-

310 4325 376 4393 gine
400 4324 510 4378 mediae
528 4325 663 4393 paginae,
685 4323 714 4377 in
737 4341 793 4392 qua
810 4324 879 4377 haee
896 4324 1006 4377 tantum
1024 4325 1183 4392 supersunt:
1212 4365 1378 4378 .......
1397 4345 1451 4394 crepa

313 4451 316 4461 .
339 4451 344 4461 .
364 4419 374 4460 t
394 4451 398 4461 .
420 4451 425 4461 .
446 4428 476 4463 eo
495 4451 500 4461 .
520 4429 560 4476 τηρ
580 4452 585 4461 .
607 4452 612 4462 .
635 4452 640 4462 .
660 4414 812 4476 appellatos.

395 4498 411 4545 4
428 4492 529 4562 Incipit
548 4492 613 4547 Ood¹
633 4493 759 4550 Ambros.
778 4511 806 4562 p.
825 4499 888 4557 420,
906 4492 1112 4559 obscurissima,
1132 4493 1166 4546 de
1185 4510 1240 4561 qua
1259 4510 1342 4560 quam
1359 4492 1452 4562 potuit

311 4577 516 4632 zioouratissime
535 4577 630 4632 retulit
648 4577 759 4632 amicus}
791 4576 916 4631 Primum
929 4577 1002 4631 dabo
1021 4576 1096 4645 quod
1113 4576 1142 4630 iu
1159 4577 1219 4647 ipso
1232 4578 1310 4631 textu
1323 4578 1449 4647 apparet,

311 4663 421 4716 servata
438 4678 568 4716 versuum
586 4661 786 4717 distributione.

395 4754 411 4801 5
428 4748 482 4801 Pro
500 4753 618 4816 indipnie.

396 4838 411 4885 6
428 4830 553 4885 Erasum.
