3300 5950
285 804 346 867 180
492 800 528 854 M.
543 799 711 854 CORNELII
728 798 935 854 FltON'PONlS
953 798 1209 853 EPISTULARUM
1300 837 1302 841 v

283 972 509 1054 131111111111;
538 993 730 1055 quamquam
752 992 812 1055 ego
834 973 867 1034 te
889 972 1046 1053 optimum
1073 971 1177 1034 virum
1205 970 1425 1053 bonarumque

284 1075 400 1138 artium
429 1075 619 1137 sectatorem
647 1073 863 1136 communium
897 1072 1071 1136 amicorum
1104 1073 1192 1135 fama
1225 1093 1423 1155 cognossem,

284 1179 316 1239 et
338 1179 373 1238 tu
394 1176 530 1238 fortasse
552 1174 672 1258 aliquid
695 1174 733 1237 de
754 1197 805 1238 mc
834 1174 966 1238 secundi
993 1174 1129 1237 rumoris
1159 1174 1333 1256 acceperis:
1371 1173 1425 1235 sed

283 1277 425 1342 nullum¹
454 1276 618 1359 pulchrius
641 1276 801 1339 amicitiae
825 1276 1022 1359 copulandae
1049 1277 1189 1359 reperire
1216 1275 1308 1358 potui
1330 1297 1425 1359 quam

285 1378 498 1443 adulescentis
528 1377 640 1463 optimi
669 1376 861 1443 conciliandi
888 1378 949 1441 tibi
979 1380 1189 1443 occasionem.
1235 1377 1319 1440 Ama
1341 1399 1424 1458 eum,

282 1504 337 1545 oro
358 1484 401 1544 te.
447 1479 526 1544 Oum
547 1479 647 1561 ipsius
671 1500 766 1542 causa
788 1480 849 1542 hoc
869 1483 954 1563 pet0‚
978 1482 1048 1542 tum
1069 1501 1140 1543 mea
1162 1499 1295 1563 quoque.
1341 1476 1426 1540 Nam

283 1606 333 1646 me
356 1582 453 1646 etiam
474 1582 578 1665 magis
602 1580 734 1663 amabis,
758 1580 785 1644 si
808 1602 881 1644 cum
902 1581 980 1644 Ρ1ο2
1001 1581 1193 1646 familiarius
1216 1580 1329 1664 egeris
1361 1579 1425 1644 No-

282 1686 331 1748 vit
352 1683 438 1747 enim
460 1682 536 1746 Pius
558 1686 668 1746 nostra
690 1682 798 1746 onmia
804 1665 870 1764 ‚⁰et
892 1683 927 1746 in
948 1683 1060 1766 primis
1083 1705 1179 1767 quam
1202 1682 1425 1765 cupidissimus

283 1787 343 1849 sim
365 1784 577 1847 amicitiarum
600 1805 695 1867 quom
717 1784 872 1848 eiusmodi
893 1784 987 1866 viria,
1017 1783 1119 1868 qualis
1142 1786 1178 1847 tu
1200 1805 1244 1865 eS,
1276 1784 1425 1865 copulan-

285 1888 405 1950 darum.

472 2055 541 2120 IX.
584 2055 720 2120 Fronto
744 2054 884 2120 Caelio³
908 2053 1039 2136 optato
1063 2050 1238 2121 Salutem.

368 2209 497 2273 Sardius
525 2207 717 2272 Saturninus
746 2207 907 2269 artissima
935 2208 1015 2270 mihi
1043 2206 1264 2270 familiaritate
1295 2208 1424 2270 coniun-

285 2314 354 2375 ctus
376 2314 425 2373 est
444 2331 501 2392 per
516 2308 598 2371 filios
613 2330 685 2372 suos
708 2308 907 2372 doctissimos
929 2310 1076 2391 iuveneS,
1100 2330 1178 2391 quos
1199 2309 1233 2371 in
1257 2309 1425 2373 contuber-

284 2413 338 2474 nio
359 2432 484 2473 mecum
507 2410 653 2473 adsiduos
668 2410 780 2473 habeo
811 2409 1009 2493 Magnopere
1025 2432 1098 2473 eum
1112 2410 1183 2492 tibi,
1207 2410 1318 2492 frater,
1343 2389 1428 2473 com-⁸

284 2513 408 2593 mendo,
433 2515 465 2575 et
486 2514 571 2594 peto7
595 2511 621 2573 si
643 2511 719 2594 quid
741 2512 864 2594 negotii
887 2533 960 2573 cum
983 2513 1022 2574 ad
1044 2515 1077 2574 te
1100 2511 1273 2594 eduxerit⁴,
1303 2512 1425 2575 carissi-

284 2636 371 2675 mum
398 2612 477 2675 mihi
506 2613 608 2675 virum
636 2612 723 2674 omni
751 2611 872 2675 honore
900 2612 1034 2695 dignum
1061 2612 1180 2676 iudices
1213 2616 1245 2676 et
1277 2634 1337 2696 ope
1370 2617 1426 2675 tua

285 2717 445 2797 protegas.

417 2882 464 2947 X.
508 2882 643 2948 Fronto
665 2881 839 2948 Petronio
861 2840 1094 2948 Manreitino⁵
1117 2880 1292 2949 Salutem.

370 3053 500 3118 Surdius
516 3052 708 3117 Saturninus
731 3052 833 3116 filium
856 3052 955 3116 habet
970 3053 1117 3118 Sardium
1132 3054 1274 3137 Lupum,
1299 3055 1426 3117 doctum

286 3158 318 3218 et
338 3155 545 3238 facunduml6
568 3155 686 3236 virum,
719 3155 756 3218 de
783 3176 855 3217 mea
883 3155 975 3217 domo
1003 3176 1137 3238 meoque
1161 3155 1370 3218 contubernio
1392 3156 1427 3217 in

285 3256 390 3318 forum
418 3255 604 3336 deductum,
643 3257 683 3317 ad
710 3256 813 3317 omnis
846 3255 965 3318 bonas⁷
995 3256 1073 3319 artis
1103 3279 1121 3319 a
1148 3278 1199 3319 me
1228 3257 1424 3337 institutum,

284 3356 579 3438 frequentissimum
601 3356 776 3418 auditorem
802 3356 980 3442 tuum[que]
1012 3357 1185 3419 maximum
1208 3356 1427 3420 laudatorem³

289 3508 294 3520 .
321 3508 327 3520 .
354 3458 503 3520 .9minus
527 3457 699 3540 [augerem]
723 3456 859 3519 habuit.
886 3507 892 3518 .
919 3507 926 3519 .
950 3457 1098 3541 egregias
1117 3507 1124 3520 .
1140 3507 1150 3540 .·
1175 3458 1425 3544 gravissimlum]

288 3610 294 3621 .
328 3609 333 3621 .
362 3561 397 3621 ta
425 3558 502 3621 mihi
539 3608 545 3621 .
578 3607 584 3620 .
615 3579 686 3621 cum
714 3556 825 3621 Sardio
861 3556 1051 3642 Saturnino,
1087 3558 1141 3641 qui
1170 3558 1235 3643 aliq
1262 3609 1425 3622 .....

286 3658 467 3743 nosl¹⁰trae
489 3680 636 3722 numeres
655 3680 696 3730 ac
718 3658 845 3742 diligas

374 3911 579 3964 1111001111ΙῚ
1145 3953 1147 3956 -

373 4003 387 4048 2
407 3996 511 4049 Codex:
531 4002 613 4063 cupio.
640 3996 704 4050 Mox
716 3997 836 4050 tortasse
853 4000 961 4063 cupidas
978 3995 1155 4049 scribendum
1171 4013 1223 4066 pro
1242 4004 1424 4067 cupidissimus.

373 4088 387 4133 3
405 4080 449 4133 lta
467 4079 559 4132 Codex
576 4097 627 4149 per
644 4101 683 4134 ae.

371 4170 387 4216 4
405 4164 595 4231 Expectabam
613 4169 718 4219 duxerit
734 4165 779 4218 vel
797 4169 946 4218 dedaoeeril.
981 4167 1155 4231 Heindorfiua

371 4254 386 4300 5
403 4247 488 4299 Pater
509 4246 553 4299 hic
575 4246 628 4300 fuit
645 4247 768 4301 Petronii
789 4247 961 4314 Mamertini,
987 4247 1031 4300 cui
1047 4248 1158 4302 Marcus
1177 4248 1261 4302 filiam
1280 4250 1427 4304 collocavit

286 4330 315 4383 in
336 4329 551 4383 matrimonium.
586 4331 644 4384 Nisi
667 4331 759 4399 potius
781 4333 824 4384 est
845 4330 904 4400 ipse
925 4330 1013 4384 Marci
1036 4347 1131 4399 gener.
1168 4331 1208 4386 Of.
1232 4332 1379 4402 Capitolin.
1398 4335 1426 4386 in

288 4413 440 4467 Commodo
459 4431 481 4467 c.
501 4421 524 4468 7.
561 4420 656 4471 Maius.

372 4506 387 4552 6
405 4498 506 4567 Incipit
523 4497 589 4552 Ood.
608 4518 635 4568 p.
656 4507 713 4567 319,
732 4502 858 4554 obscura.

372 4589 386 4635 7
406 4581 471 4635 (lod.
492 4583 522 4635 ut
539 4583 649 4637 videtur
667 4589 746 4640 bonis.
942 4653 944 4656 .

371 4672 386 4718 8
404 4665 475 4719 Hinc
492 4683 577 4733 nsque
595 4668 632 4721 ad
650 4667 785 4737 epistulae
803 4668 887 4721 finem
904 4667 1047 4736 perierunt
1064 4686 1159 4723 versus
1179 4670 1264 4725 XVll.

372 4757 387 4803 9
406 4749 509 4818 Supple
527 4752 643 4804 verbum
660 4753 753 4806 breve.
787 4757 881 4805 Maius.

357 4839 387 4887 10
405 4834 505 4901 Incipit
522 4835 612 4888 altera
630 4835 763 4889 columna.
795 4827 812 4852 ’
