3300 5950
463 788 512 843 AD
530 787 566 843 Μ.
582 786 773 843 CAESAREM
791 786 838 841 ΕΤ
857 784 1010 842 INVICEM
1026 786 1135 841 LIBER
1151 784 1184 841 V.
1356 787 1396 852 91

617 959 679 1025 II.
703 959 759 1024 66.
788 959 1031 1041 Rescriptum.

339 1098 440 1173 Quom
462 1097 541 1161 haec
564 1097 685 1161 scribas
707 1096 796 1177 mihi,
820 1095 986 1179 magister,
1011 1096 1104 1159 credo
1125 1096 1288 1180 intellegis
1312 1096 1397 1158 solli-

256 1201 445 1263 citissimum
467 1222 517 1262 me
544 1202 619 1262 vota
640 1198 747 1261 facere
775 1219 833 1280 pro
856 1197 960 1261 salute
985 1201 1057 1261 tua:
1082 1198 1181 1279 cuius,
1212 1198 1259 1260 dis
1287 1199 1397 1261 iuvan-

253 1302 350 1384 tibus,
376 1302 438 1365 1160
462 1303 622 1384 compotes
645 1300 771 1364 erimus.
812 1298 894 1363 Vale
916 1301 960 1363 mi
982 1300 1137 1382 magister
1158 1298 1395 1363 iucundissime.

597 1468 680 1534 LII.
703 1469 760 1534 67.
794 1468 945 1535 Domino
964 1470 1051 1534 Meo.

337 1607 456 1671 Decem
477 1609 570 1670 tanta
592 1609 625 1669 te
648 1627 728 1668 amo.
762 1604 879 1668 Filiam
900 1608 990 1668 tuam
1012 1606 1085 1669 vidi.
1121 1599 1241 1669 Videor
1263 1606 1342 1669 mihi
1364 1610 1396 1669 te

253 1710 348 1772 sinml
371 1713 403 1772 et
425 1708 613 1771 Faustinam
635 1707 778 1770 infantes
801 1707 933 1770 vidisse:
963 1710 1092 1770 tantum
1113 1708 1190 1770 boni
1214 1730 1252 1771 ex
1279 1709 1396 1771 utrius-

253 1834 313 1895 que
336 1811 423 1874 voltu
447 1813 494 1873 est
526 1809 748 1873 commixtum!
794 1806 913 1871 Decem
935 1811 1028 1871 tanta
1049 1812 1082 1873 te
1105 1831 1184 1873 amo«.
1230 1809 1311 1873 Vale
1334 1809 1397 1874 Do·

253 1913 338 1976 mine
362 1912 552 1976 dulcissime.
597 1910 769 1975 Dominam
792 1910 905 1974 saluta.

578 2078 682 2146 LIII.
705 2080 762 2146 68.
791 2079 964 2162 Magistro
983 2081 1070 2147 Meo.

337 2218 381 2281 Et
402 2240 460 2281 nos
492 2216 648 2299 Gratiam,
684 2218 767 2300 quod
799 2216 847 2279 tui
882 2216 994 2280 similis
1023 2220 1081 2299 est,
1115 2218 1219 2302 nangis
1243 2240 1395 2281 amamus

253 2321 360 2384 Facile
384 2340 461 2403 ergo
483 2318 711 2403 intellegimus,
731 2319 752 2403 l¹
770 2321 892 2401 quanta
917 2319 1001 2401 apud
1023 2322 1055 2381 te
1080 2320 1122 2382 sit
1136 2319 1253 2383 filiolae
1268 2322 1396 2383 nostrae
1498 2385 1502 2393 ,

254 2422 455 2485 conciliatrix
479 2421 653 2485 similitudo
676 2422 842 2504 utriusque
864 2422 982 2483 nostri:
1012 2424 1044 2484 et
1066 2422 1196 2484 omnino
1219 2422 1303 2504 quod
1325 2444 1397 2484 eam

252 2523 377 2606 vidisti,
402 2527 451 2587 est
472 2523 647 2586 iucundum
669 2521 758 2585 mihi.
782 2521 864 2586 Vale
885 2521 930 2585 mi
953 2521 1073 2605 optime
1096 2523 1261 2606 magister.

592 2691 685 2758 LIV.
708 2692 765 2759 69.
795 2692 947 2758 DomIno
968 2690 1056 2758 IIeo.

268 2877 270 2881 .
336 2830 463 2893 Tertius
491 2832 540 2892 est
567 2828 645 2912 dies,
679 2829 762 2911 quod
789 2851 847 2912 per
873 2832 1001 2893 noctem
1028 2849 1151 2892 morsus
1173 2828 1295 2892 ventris
1324 2851 1396 2892 cum

252 2911 407 3016 profluvio
429 2932 544 3016 patiorss
568 2930 639 2996 Hac
661 2952 735 2995 vero
758 2934 853 2995 nocte
875 2931 922 2994 ita
944 2953 1015 2994 sum
1036 2934 1181 3013 vexatus,
1205 2931 1253 2994 uti
1268 2931 1395 3014 prodire

252 3056 318 3097 non
340 3035 510 3117 potuerim,
535 3034 589 3096 sed
611 3033 729 3096 lectulo
751 3055 801 3096 me
823 3036 966 3097 teneam.>
985 3033 1101 3098 Medici
1125 3034 1261 3096 suadent
1280 3033 1395 3097 bah1e0

252 3136 309 3198 uti.
348 3135 467 3198 Multos
495 3135 632 3231 nataleis
653 3137 725 3198 tuos
748 3138 784 3198 16
808 3135 983 3217 1111111112,
1009 3158 1028 3198 a
1050 3135 1098 3199 dis
1122 3138 1289 3219 praecatus
1313 3158 1393 3199 sum.

253 3235 334 3300 Vale
356 3235 503 3300 Domine.
548 3236 720 3300 Dominam
742 3235 856 3300 saluta.
1313 3233 1316 3240 ’

585 3404 657 3471 LV.
683 3406 737 3472 to.
773 3406 947 3490 Magistro
968 3406 1057 3474 IIeo.

337 3543 385 3606 Tu
419 3564 543 3626 quoque
576 3541 750 3626 intellegis,
784 3543 829 3606 mi
861 3542 1028 3628 Magister,
1063 3544 1139 3627 quid
1170 3565 1229 3629 ego
1258 3567 1316 3627 pro
1345 3567 1394 3609 me

251 3648 374 3727 optem:
398 3666 512 3706 sanum
540 3647 572 3707 et
599 3644 739 3708 validum
773 3648 805 3707 te
834 3646 995 3729 deincepS,
1028 3649 1061 3713 et
1089 3646 1175 3709 hunc
1197 3646 1281 3709 diem
1302 3650 1395 3710 tuum

252 3746 438 3810 sollemnem
461 3748 493 3807 et
516 3748 637 3809 ceteros
665 3745 715 3809 vel
740 3746 908 3810 nobiscum
935 3747 986 3810 vel
1014 3746 1106 3810 nobis
1136 3748 1245 3830 utique
1274 3748 1394 3816 securis

251 3870 308 3932 pro
334 3851 366 3910 te
401 3869 497 3930 quam
524 3847 701 3911 diutissime
733 3848 902 3912 celebrare.
948 3849 1097 3914 Ceterum
1127 3871 1187 3933 ego
1218 3849 1394 3913 coniectari
1475 3836 1481 3842 ⁵

252 3950 362 4012 statim
383 3948 483 4011 fuisse
506 3949 659 4012 eiusmodi
682 3948 801 4033 aliquid
823 3973 918 4034 quam
947 3951 987 4027 ob
1010 3973 1077 4013 rem
1105 3953 1138 4012 te
1160 3973 1227 4014 non
1249 3952 1392 4014 viderim.

251 4050 305 4132 Et,
330 4051 356 4113 si
379 4050 548 4113 dicendum
563 4053 621 4133 est,
646 4051 784 4115 delector
799 4052 905 4140 potius
927 4053 1025 4115 talem
1047 4053 1239 4136 quaerellam
1267 4074 1393 4136 corpus-

253 4152 314 4213 culi
348 4173 442 4234 quam
474 4151 597 4214 dolores
629 4152 750 4236 aliquos
782 4153 1010 4217 intercessisse.
1056 4153 1226 4218 Praeterea
1253 4155 1291 4218 de
1322 4176 1392 4237 pro-

252 4252 347 4315 fluvio
369 4253 431 4315 isto
453 4253 535 4316 bene
558 4274 665 4336 spero:
694 4277 770 4317 nam
796 4255 857 4318 etsi
878 4276 966 4319 nunc
986 4259 1019 4319 te
1042 4255 1239 4338 exhauserit,
1270 4259 1390 4338 tamen,

253 4353 300 4415 dis
330 4352 519 4436 volentibus,
557 4354 680 4418 confido
717 4354 886 4419 salubriter
923 4360 1037 4439 sponte
1069 4357 1253 4440 provenisse
1286 4356 1392 4419 alvum

251 4453 310 4516 tibi
339 4475 436 4516 verno
463 4457 622 4538 tempore,
656 4477 751 4539 quom
777 4456 852 4520 3alii
881 4457 1025 4521 consulto
1055 4462 1184 4521 movent
1212 4460 1244 4520 et
1273 4456 1392 4521 machi-

338 4681 350 4727 1
370 4675 402 4726 Iu
421 4674 545 4726 extrema
561 4693 640 4744 pag:
660 4673 691 4740 Q.
710 4677 756 4730 XI.
792 4677 894 4748 incipit
912 4678 977 4732 Cod.
996 4677 1060 4731 Vat.
1080 4695 1107 4752 p.
1124 4683 1178 4735 110.

335 4767 351 4813 2
370 4757 436 4812 dod.
455 4776 497 4827 pr.
517 4776 552 4812 m.
571 4768 676 4816 celeres.

335 4852 350 4899 3
368 4845 412 4898 An
430 4849 522 4914 quam?
