3300 5950
272 802 313 867 90
484 800 521 854 M,
537 768 705 855 suanum
723 796 930 853 FRONTONIS
948 796 1204 852 EPISTULARUM

273 973 414 1037 crastino
436 971 643 1055 praeparabo,
680 969 866 1034 Victorinus
889 972 998 1033 noster
1021 972 1111 1053 aget:
1134 990 1247 1033 neme
1271 973 1416 1035 acturum

212 1104 214 1109 ¹
271 1079 374 1159 putes,
419 1074 500 1138 Vale
523 1074 660 1137 Domine
684 1072 875 1137 dulcissime.
920 1069 1093 1135 Dominam
1116 1071 1229 1136 saluta.

497 1243 605 1310 XLV.
628 1243 684 1308 66.
718 1242 891 1325 Magistro
913 1241 988 1307 IIeo
1011 1236 1185 1307 Salutem.

355 1381 485 1444 Auxisti
514 1402 605 1443 curas
638 1374 729 1461 mihi,
764 1401 844 1463 quas
872 1382 947 1461 opto
976 1401 1072 1461 quam
1102 1379 1240 1461 primum
1262 1379 1413 1462 relebes¹,

271 1483 389 1547 sedatis
413 1483 471 1546 tibi
495 1482 655 1545 doloribus
678 1503 780 1565 genus
804 1484 836 1544 et
857 1481 1010 1564 inguinis
1040 1478 1092 1543 Me
1115 1484 1222 1545 autem
1244 1482 1415 1546 iufirmitas

270 1584 427 1648 Dominae
456 1606 546 1648 meac
573 1584 686 1647 matris
715 1583 877 1667 quiescere
905 1604 971 1645 non
1000 1582 1087 1645 sinit.
1133 1582 1181 1645 Eo
1210 1585 1333 1647 accedit
1362 1586 1413 1647 ad-

211 1682 220 1687 ’
270 1687 497 1771 propinquatio
530 1689 642 1770 partus
670 1684 853 1748 Faustinae.
899 1684 961 1749 Sed
989 1685 1147 1748 confidere
1175 1686 1223 1748 dis
1252 1686 1411 1749 debemus,

269 1788 350 1852 Vale
373 1790 417 1853 mi
439 1789 593 1874 magister
624 1787 853 1852 iucundissime
874 1785 963 1849 mihi.
1009 1786 1114 1850 Mater
1135 1808 1206 1850 mea
1228 1791 1260 1851 te
1283 1789 1411 1852 salutat,

591 1956 721 2024 XLVI.
744 1958 801 2022 61.
825 1956 977 2022 DomIno
999 1956 1087 2021 Meo.

353 2095 428 2179 Ipsa
438 2096 511 2179 uie,
536 2117 598 2179 qua
620 2094 779 2177 proficisci
802 2094 1013 2175 destinabam,
1038 2115 1140 2177 genus
1160 2093 1299 2157 dolorem
1314 2097 1409 2159 sensi.

268 2197 367 2281 Spero
390 2198 424 2260 in
446 2198 557 2281 paucis
581 2197 691 2261 diebus
713 2218 764 2260 me
786 2196 883 2259 recte
893 2185 972 2259 fore.
1017 2195 1097 2260 Vale
1119 2196 1258 2260 Domine
1280 2197 1408 2280 optime.

267 2297 439 2363 Dominam
461 2299 574 2363 saluta.

471 2457 622 2534 XLVII.
645 2468 701 2533 62.
734 2468 908 2551 Magistro
930 2468 1006 2533 IIeo
1029 2462 1203 2533 Salutem.

350 2605 446 2669 Nunc
469 2605 605 2688 denique
620 2607 706 2688 opt0,
730 2604 774 2667 mi
789 2606 954 2689 magister,
977 2603 1165 2667 iucundiora
1180 2604 1316 2669 indices:
1332 2629 1408 2669 nam

218 2754 223 2762 .
266 2706 402 2770 doluisse
425 2710 457 2770 te
479 2708 514 2770 in
536 2706 569 2769 id
591 2710 727 2789 tempus,
758 2728 819 2789 quo
845 2705 924 2769 mihi
946 2704 1118 2787 scribebas,
1153 2706 1280 2769 litterae
1304 2707 1406 2771 decla-

264 2811 349 2872 rant.
394 2807 484 2871 Haec
507 2807 717 2871 obambulans
739 2793 867 2871 dictavi.
911 2806 998 2884 Nam
1022 2828 1094 2869 eum
1115 2810 1237 2870 motum
1259 2808 1294 2871 in
1315 2832 1406 2893 prae-

264 2910 369 2973 sentia
397 2911 479 2973 ratio
514 2895 710 2994 corpusculei
744 2908 953 2973 desiderabat.
998 2907 1242 2971 Vindemiarum
1259 2909 1282 2994 §²
1299 2915 1406 2977 autern

264 3014 403 3097 gratiam
425 3035 512 3077 nunc
540 3014 667 3076 demum
693 3014 856 3097 integram
878 3010 1045 3093 sentiam3,
1076 3033 1148 3074 curn
1175 3015 1231 3075 tua
1259 3014 1406 3079 valetudo

262 3115 420 3198 placatior
442 3137 509 3179 esse
532 3114 624 3178 nobis
649 3114 797 3199 coeperit.
821 3113 903 3178 Vale
925 3113 967 3177 mi
991 3113 1219 3178 iucundissime
1240 3118 1403 3201 magister.

551 3283 735 3349 XLVIII,
758 3283 814 3349 63.
845 3283 997 3349 Domino
1017 3282 1105 3349 Meo.

346 3419 492 3502 Plantae,
516 3420 664 3500 Domine,
686 3418 793 3482 dolore
807 3419 978 3502 impedior:
1001 3420 1072 3483 ideo
1095 3442 1149 3483 vos
1171 3443 1229 3503 per
1243 3422 1321 3485 istos
1337 3424 1403 3487 dies

162 3613 164 3617 Ι
261 3544 327 3586 nou
350 3522 496 3586 salutavi.
541 3521 622 3586 Vale
643 3520 781 3584 Domine
803 3521 932 3604 optime.
978 3520 1149 3585 Dominam
1170 3522 1284 3586 saluta,

567 3689 703 3757 XLIX.
726 3690 783 3756 64.
812 3691 984 3773 Magistro
1005 3690 1093 3757 Meo.

344 3827 445 3902 Quom
472 3827 598 3891 salubre
625 3828 685 3890 tibi
715 3830 763 3890 est
789 3826 905 3890 facile⁴
936 3827 1096 3911 progredi,
1131 3812 1209 3891 tunc
1243 3832 1275 3892 et
1308 3832 1401 3895 nobis

261 3933 448 4013 conspectus
470 3932 545 3992 tuus
571 3929 632 3993 erit
659 3928 827 4027 iucundus,
871 3928 910 3992 ld
931 3931 967 3991 ut
989 3924 1085 4013 quarn
1107 3930 1246 4013 primum
1275 3934 1401 3996 eveniat

260 4036 301 4116 et,
313 4031 401 4094 dolor
423 4032 553 4115 plantae
576 4032 729 4116 quiescat,
753 4031 785 4094 di
800 4030 920 4094 iuvent.
944 4030 1026 4094 Vale
1040 4033 1084 4094 mi
1099 4031 1219 4115 optime
1235 4034 1397 4117 magister.

622 4202 663 4266 L.
687 4200 743 4266 65.
773 4200 925 4267 Domino
946 4199 1034 4267 Meo.

342 4337 413 4422 Ego
435 4336 623 4421 gravissime
646 4341 792 4420 arreptus
820 4359 890 4400 sum
911 4337 1028 4400 iterum
1056 4338 1096 4400 ab
1125 4331 1224 4400 altero
1252 4338 1396 4434 inguine.

342 4615 354 4660 1
374 4609 417 4661 Ita
436 4607 535 4661 Codex,

341 4700 356 4744 2
374 4691 475 4766 Incipit
493 4691 558 4745 Cod.
578 4692 641 4746 Vat.
660 4710 687 4761 p.
702 4698 743 4746 99.

340 4785 356 4830 3
375 4776 478 4829 Codex:
497 4783 659 4842 senteutiam,
677 4777 726 4830 sed
743 4777 839 4831 statim
857 4792 926 4831 corr,

341 4867 357 4915 4
376 4860 546 4932 Schopenus:
566 4872 604 4914 est
623 4863 651 4916 et
668 4867 752 4917 facile.
