<?xml version="1.0" encoding="UTF-8"?>
<!DOCTYPE html PUBLIC "-//W3C//DTD XHTML 1.0 Transitional//EN"
    "http://www.w3.org/TR/xhtml1/DTD/xhtml1-transitional.dtd">
<html xmlns="http://www.w3.org/1999/xhtml" xml:lang="en" lang="en">
 <head>
  <title>
</title>
<meta http-equiv="Content-Type" content="text/html;charset=utf-8" />
  <meta name='ocr-system' content='tesseract 3.04.00' />
  <meta name='ocr-capabilities' content='ocr_page ocr_carea ocr_par ocr_line ocrx_word'/>
</head>
<body>
  <div class='ocr_page' id='page_1' title='image "./mcorneliifronto01frongoog_0051.png"; bbox 0 0 3300 5950; ppageno 0'>
   <div class='ocr_carea' id='block_1_1' title="bbox 471 758 1394 830">
    <p class='ocr_par' dir='ltr' id='par_1_1' title="bbox 471 758 1394 830">
     <span class='ocr_line' id='line_1_1' title="bbox 471 758 1394 830; baseline 0.003 -14"><span class='ocrx_word' id='word_1_1' title='bbox 471 760 520 816; x_wconf 90' lang='lat' dir='ltr'>AD</span> <span class='ocrx_word' id='word_1_2' title='bbox 538 760 574 815; x_wconf 92' lang='lat' dir='ltr'>M.</span> <span class='ocrx_word' id='word_1_3' title='bbox 595 758 786 816; x_wconf 75' lang='lat' dir='ltr'>CAESAREM</span> <span class='ocrx_word' id='word_1_4' title='bbox 803 761 850 816; x_wconf 85' lang='lat' dir='ltr'>ET</span> <span class='ocrx_word' id='word_1_5' title='bbox 868 761 1021 816; x_wconf 83' lang='lat' dir='ltr'>INVICEM</span> <span class='ocrx_word' id='word_1_6' title='bbox 1037 764 1145 817; x_wconf 83' lang='lat' dir='ltr'>LIBER</span> <span class='ocrx_word' id='word_1_7' title='bbox 1163 765 1182 820; x_wconf 89' lang='grc' dir='ltr'>Ι.</span> <span class='ocrx_word' id='word_1_8' title='bbox 1358 769 1394 830; x_wconf 85' lang='grc'>11</span> 
     </span>
    </p>
   </div>
   <div class='ocr_carea' id='block_1_2' title="bbox 231 919 1456 2437">
    <p class='ocr_par' dir='ltr' id='par_1_2' title="bbox 254 919 1395 1220">
     <span class='ocr_line' id='line_1_2' title="bbox 319 919 1395 1019; baseline 0.004 -24"><span class='ocrx_word' id='word_1_9' title='bbox 319 932 460 995; x_wconf 82' lang='lat' dir='ltr'><strong>Transeo</strong></span> <span class='ocrx_word' id='word_1_10' title='bbox 486 955 573 996; x_wconf 87' lang='lat' dir='ltr'>nune</span> <span class='ocrx_word' id='word_1_11' title='bbox 602 934 641 996; x_wconf 89' lang='lat' dir='ltr'>ad</span> <span class='ocrx_word' id='word_1_12' title='bbox 672 932 708 1008; x_wconf 74' lang='lat' dir='ltr'>Q.</span> <span class='ocrx_word' id='word_1_13' title='bbox 725 919 869 998; x_wconf 81' lang='lat' dir='ltr'>Ennium</span> <span class='ocrx_word' id='word_1_14' title='bbox 897 937 1058 1017; x_wconf 85' lang='lat' dir='ltr'>nostrum,</span> <span class='ocrx_word' id='word_1_15' title='bbox 1096 958 1190 1019; x_wconf 87' lang='lat' dir='ltr'>quem</span> <span class='ocrx_word' id='word_1_16' title='bbox 1217 939 1253 999; x_wconf 86' lang='lat' dir='ltr'>tu</span> <span class='ocrx_word' id='word_1_17' title='bbox 1282 936 1328 999; x_wconf 88' lang='lat' dir='ltr'>ais</span> <span class='ocrx_word' id='word_1_18' title='bbox 1357 959 1395 999; x_wconf 89' lang='lat' dir='ltr'>ex</span> 
     </span>
     <span class='ocr_line' id='line_1_3' title="bbox 255 1034 1394 1119; baseline 0.004 -22"><span class='ocrx_word' id='word_1_19' title='bbox 255 1056 365 1098; x_wconf 90' lang='lat' dir='ltr'>somno</span> <span class='ocrx_word' id='word_1_20' title='bbox 388 1036 420 1097; x_wconf 88' lang='lat' dir='ltr'>et</span> <span class='ocrx_word' id='word_1_21' title='bbox 445 1034 585 1097; x_wconf 82' lang='lat' dir='ltr'>¹somnio</span> <span class='ocrx_word' id='word_1_22' title='bbox 606 1035 735 1098; x_wconf 90' lang='lat' dir='ltr'>initium</span> <span class='ocrx_word' id='word_1_23' title='bbox 757 1035 818 1098; x_wconf 88' lang='lat' dir='ltr'>sibi</span> <span class='ocrx_word' id='word_1_24' title='bbox 841 1035 983 1098; x_wconf 66' lang='lat' dir='ltr'>²fecisse.</span> <span class='ocrx_word' id='word_1_25' title='bbox 1023 1035 1084 1100; x_wconf 86' lang='lat' dir='ltr'>Sed</span> <span class='ocrx_word' id='word_1_26' title='bbox 1106 1038 1249 1119; x_wconf 76' lang='lat' dir='ltr'>profecto</span> <span class='ocrx_word' id='word_1_27' title='bbox 1271 1038 1334 1101; x_wconf 89' lang='lat' dir='ltr'>nisi</span> <span class='ocrx_word' id='word_1_28' title='bbox 1357 1061 1394 1101; x_wconf 90' lang='lat' dir='ltr'>ex</span> 
     </span>
     <span class='ocr_line' id='line_1_4' title="bbox 254 1136 1365 1220; baseline 0.003 -21"><span class='ocrx_word' id='word_1_29' title='bbox 254 1157 365 1199; x_wconf 89' lang='lat' dir='ltr'>somno</span> <span class='ocrx_word' id='word_1_30' title='bbox 388 1136 560 1199; x_wconf 82' lang='lat' dir='ltr'>suscitatus</span> <span class='ocrx_word' id='word_1_31' title='bbox 584 1139 677 1218; x_wconf 88' lang='lat' dir='ltr'>esset,</span> <span class='ocrx_word' id='word_1_32' title='bbox 700 1158 876 1220; x_wconf 85' lang='lat' dir='ltr'>numquam</span> <span class='ocrx_word' id='word_1_33' title='bbox 898 1138 1056 1200; x_wconf 90' lang='lat' dir='ltr'>somnium</span> <span class='ocrx_word' id='word_1_34' title='bbox 1079 1160 1170 1201; x_wconf 92' lang='lat' dir='ltr'>suum</span> <span class='ocrx_word' id='word_1_35' title='bbox 1193 1143 1365 1218; x_wconf 87' lang='lat' dir='ltr'>narrasset.</span> 
     </span>
    </p>

    <p class='ocr_par' dir='ltr' id='par_1_3' title="bbox 255 1234 1395 1402">
     <span class='ocr_line' id='line_1_5' title="bbox 337 1234 1395 1324; baseline 0.005 -25"><span class='ocrx_word' id='word_1_36' title='bbox 337 1234 425 1299; x_wconf 85' lang='lat' dir='ltr'>Hine</span> <span class='ocrx_word' id='word_1_37' title='bbox 448 1238 488 1300; x_wconf 89' lang='lat' dir='ltr'>ad</span> <span class='ocrx_word' id='word_1_38' title='bbox 508 1235 683 1301; x_wconf 82' lang='lat' dir='ltr'>Hesiodum</span> <span class='ocrx_word' id='word_1_39' title='bbox 705 1241 881 1323; x_wconf 74' lang='lat' dir='ltr'>pastorem,</span> <span class='ocrx_word' id='word_1_40' title='bbox 913 1260 1007 1323; x_wconf 91' lang='lat' dir='ltr'>quem</span> <span class='ocrx_word' id='word_1_41' title='bbox 1035 1240 1245 1303; x_wconf 88' lang='lat' dir='ltr'>dormientem</span> <span class='ocrx_word' id='word_1_42' title='bbox 1266 1243 1395 1324; x_wconf 89' lang='lat' dir='ltr'>poetam</span> 
     </span>
     <span class='ocr_line' id='line_1_6' title="bbox 255 1337 475 1402; baseline 0 -1"><span class='ocrx_word' id='word_1_43' title='bbox 255 1338 302 1401; x_wconf 89' lang='lat' dir='ltr'>ais</span> <span class='ocrx_word' id='word_1_44' title='bbox 323 1337 475 1402; x_wconf 74' lang='lat' dir='ltr'>faetum3.</span> 
     </span>
    </p>

    <p class='ocr_par' dir='ltr' id='par_1_4' title="bbox 231 1440 1456 2437">
     <span class='ocr_line' id='line_1_7' title="bbox 338 1440 1394 1525; baseline 0.001 -21"><span class='ocrx_word' id='word_1_45' title='bbox 338 1441 404 1504; x_wconf 57' lang='lat' dir='ltr'>Ais</span> <span class='ocrx_word' id='word_1_46' title='bbox 426 1440 512 1504; x_wconf 89' lang='lat' dir='ltr'>enim</span> <span class='ocrx_word' id='word_1_47' title='bbox 535 1462 595 1525; x_wconf 85' lang='lat' dir='ltr'>ego</span> <span class='ocrx_word' id='word_1_48' title='bbox 616 1442 749 1504; x_wconf 87' lang='lat' dir='ltr'>memini</span> <span class='ocrx_word' id='word_1_49' title='bbox 771 1442 847 1504; x_wconf 92' lang='lat' dir='ltr'>olim</span> <span class='ocrx_word' id='word_1_50' title='bbox 870 1445 949 1525; x_wconf 91' lang='lat' dir='ltr'>aput</span> <span class='ocrx_word' id='word_1_51' title='bbox 976 1443 1168 1525; x_wconf 85' lang='lat' dir='ltr'>magistrum</span> <span class='ocrx_word' id='word_1_52' title='bbox 1196 1464 1247 1505; x_wconf 90' lang='lat' dir='ltr'>me</span> <span class='ocrx_word' id='word_1_53' title='bbox 1272 1442 1394 1525; x_wconf 83' lang='lat' dir='ltr'>legere:</span> 
     </span>
     <span class='ocr_line' id='line_1_8' title="bbox 380 1543 1234 1623; baseline 0.002 -16"><span class='ocrx_word' id='word_1_54' title='bbox 380 1543 516 1622; x_wconf 84' lang='grc' dir='ltr'>Ποιμένι</span> <span class='ocrx_word' id='word_1_55' title='bbox 539 1547 621 1623; x_wconf 87' lang='grc' dir='ltr'>μῆλα</span> <span class='ocrx_word' id='word_1_56' title='bbox 643 1545 771 1623; x_wconf 84' lang='grc' dir='ltr'>νέμοντι</span> <span class='ocrx_word' id='word_1_57' title='bbox 794 1545 870 1623; x_wconf 82' lang='grc' dir='ltr'>παρ’</span> <span class='ocrx_word' id='word_1_58' title='bbox 891 1545 995 1623; x_wconf 84' lang='grc' dir='ltr'>ἴχνιον</span> <span class='ocrx_word' id='word_1_59' title='bbox 1019 1544 1110 1611; x_wconf 70' lang='grc' dir='ltr'>ὀξέος</span> <span class='ocrx_word' id='word_1_60' title='bbox 1131 1545 1234 1609; x_wconf 85' lang='grc' dir='ltr'>ἵππου</span> 
     </span>
     <span class='ocr_line' id='line_1_9' title="bbox 443 1643 1137 1730; baseline 0.006 -23"><span class='ocrx_word' id='word_1_61' title='bbox 443 1643 578 1730; x_wconf 77' lang='grc' dir='ltr'>Ἡειόδῳ</span> <span class='ocrx_word' id='word_1_62' title='bbox 603 1647 757 1711; x_wconf 77' lang='grc' dir='ltr'>Μουεέων</span> <span class='ocrx_word' id='word_1_63' title='bbox 781 1645 873 1724; x_wconf 72' lang='lat' dir='ltr'>{tude</span> <span class='ocrx_word' id='word_1_64' title='bbox 896 1647 943 1711; x_wconf 80' lang='grc' dir='ltr'>ὅτ’</span> <span class='ocrx_word' id='word_1_65' title='bbox 964 1645 1137 1724; x_wconf 77' lang='grc' dir='ltr'>ἠντίαεεν.5</span> 
     </span>
     <span class='ocr_line' id='line_1_10' title="bbox 338 1744 1456 1836; baseline -0.003 -26"><span class='ocrx_word' id='word_1_66' title='bbox 338 1746 382 1810; x_wconf 87' lang='grc' dir='ltr'>Τὸ</span> <span class='ocrx_word' id='word_1_67' title='bbox 398 1744 445 1809; x_wconf 79' lang='grc' dir='ltr'>ὅτ’</span> <span class='ocrx_word' id='word_1_68' title='bbox 460 1745 603 1824; x_wconf 74' lang='grc' dir='ltr'>ἠντίαεεν</span> <span class='ocrx_word' id='word_1_69' title='bbox 625 1746 712 1809; x_wconf 85' lang='lat' dir='ltr'>vides</span> <span class='ocrx_word' id='word_1_70' title='bbox 728 1746 821 1829; x_wconf 90' lang='lat' dir='ltr'>quale</span> <span class='ocrx_word' id='word_1_71' title='bbox 838 1746 894 1828; x_wconf 82' lang='lat' dir='ltr'>sit3</span> <span class='ocrx_word' id='word_1_72' title='bbox 917 1745 1040 1809; x_wconf 83' lang='lat' dir='ltr'>seilicet</span> <span class='ocrx_word' id='word_1_73' title='bbox 1055 1745 1233 1808; x_wconf 72' lang='lat' dir='ltr'>ambulanti</span> <span class='ocrx_word' id='word_1_74' title='bbox 1250 1745 1395 1808; x_wconf 68' lang='lat' dir='ltr'>obviami</span> <span class='ocrx_word' id='word_1_75' title='bbox 1447 1818 1456 1836; x_wconf 87' lang='lat'><strong>.</strong></span> 
     </span>
     <span class='ocr_line' id='line_1_11' title="bbox 254 1844 1395 1930; baseline 0.001 -21"><span class='ocrx_word' id='word_1_76' title='bbox 254 1846 378 1910; x_wconf 82' lang='lat' dir='ltr'>venisse</span> <span class='ocrx_word' id='word_1_77' title='bbox 399 1845 538 1908; x_wconf 81' lang='lat' dir='ltr'>Musas⁷.</span> <span class='ocrx_word' id='word_1_78' title='bbox 584 1844 666 1920; x_wconf 83' lang='lat' dir='ltr'>Quid</span> <span class='ocrx_word' id='word_1_79' title='bbox 694 1845 801 1910; x_wconf 83' lang='lat' dir='ltr'>autern</span> <span class='ocrx_word' id='word_1_80' title='bbox 830 1850 865 1910; x_wconf 88' lang='lat' dir='ltr'>tu</span> <span class='ocrx_word' id='word_1_81' title='bbox 888 1848 927 1911; x_wconf 88' lang='lat' dir='ltr'>de</span> <span class='ocrx_word' id='word_1_82' title='bbox 949 1868 985 1910; x_wconf 89' lang='lat' dir='ltr'>eo</span> <span class='ocrx_word' id='word_1_83' title='bbox 1008 1847 1188 1926; x_wconf 74' lang='lat' dir='ltr'>existimaS,</span> <span class='ocrx_word' id='word_1_84' title='bbox 1218 1869 1313 1929; x_wconf 92' lang='lat' dir='ltr'>quem</span> <span class='ocrx_word' id='word_1_85' title='bbox 1341 1848 1395 1930; x_wconf 91' lang='lat' dir='ltr'>qui</span> 
     </span>
     <span class='ocr_line' id='line_1_12' title="bbox 253 1946 818 2032; baseline -0.002 -21"><span class='ocrx_word' id='word_1_86' title='bbox 253 1946 485 2031; x_wconf 78' lang='lat' dir='ltr'>pulcherrime8</span> <span class='ocrx_word' id='word_1_87' title='bbox 508 1947 627 2030; x_wconf 87' lang='lat' dir='ltr'>laudat,</span> <span class='ocrx_word' id='word_1_88' title='bbox 651 1949 727 2032; x_wconf 88' lang='lat' dir='ltr'>quid</span> <span class='ocrx_word' id='word_1_89' title='bbox 750 1947 818 2012; x_wconf 80' lang='lat' dir='ltr'>ait?</span> 
     </span>
     <span class='ocr_line' id='line_1_13' title="bbox 381 2050 1158 2135; baseline 0 -20"><span class='ocrx_word' id='word_1_90' title='bbox 381 2051 522 2129; x_wconf 69' lang='grc' dir='ltr'>νήδυμος</span> <span class='ocrx_word' id='word_1_91' title='bbox 544 2050 669 2128; x_wconf 69' lang='lat' dir='ltr'>liblero(</span> <span class='ocrx_word' id='word_1_92' title='bbox 692 2051 820 2135; x_wconf 84' lang='grc' dir='ltr'>θανάτῳ</span> <span class='ocrx_word' id='word_1_93' title='bbox 838 2050 863 2133; x_wconf 79' lang='lat' dir='ltr'>p</span> <span class='ocrx_word' id='word_1_94' title='bbox 885 2050 1015 2129; x_wconf 75' lang='grc' dir='ltr'>ἄγχιετα</span> <span class='ocrx_word' id='word_1_95' title='bbox 1038 2050 1158 2115; x_wconf 68' lang='grc' dir='ltr'>ἐοικώς.</span> 
     </span>
     <span class='ocr_line' id='line_1_14' title="bbox 337 2148 1392 2234; baseline 0.001 -22"><span class='ocrx_word' id='word_1_96' title='bbox 337 2148 428 2213; x_wconf 87' lang='lat' dir='ltr'>Haeo</span> <span class='ocrx_word' id='word_1_97' title='bbox 450 2150 528 2213; x_wconf 88' lang='lat' dir='ltr'>satis</span> <span class='ocrx_word' id='word_1_98' title='bbox 543 2152 591 2212; x_wconf 90' lang='lat' dir='ltr'>tui</span> <span class='ocrx_word' id='word_1_99' title='bbox 608 2171 713 2214; x_wconf 91' lang='lat' dir='ltr'>amore</span> <span class='ocrx_word' id='word_1_100' title='bbox 728 2152 834 2234; x_wconf 88' lang='lat' dir='ltr'>potius</span> <span class='ocrx_word' id='word_1_101' title='bbox 855 2173 951 2234; x_wconf 92' lang='lat' dir='ltr'>quam</span> <span class='ocrx_word' id='word_1_102' title='bbox 966 2172 1055 2214; x_wconf 90' lang='lat' dir='ltr'>meae</span> <span class='ocrx_word' id='word_1_103' title='bbox 1070 2149 1239 2214; x_wconf 82' lang='lat' dir='ltr'>fiduciae¹⁰</span> <span class='ocrx_word' id='word_1_104' title='bbox 1253 2150 1392 2213; x_wconf 89' lang='lat' dir='ltr'>luserim.</span> 
     </span>
     <span class='ocr_line' id='line_1_15' title="bbox 253 2242 1394 2335; baseline 0.003 -22"><span class='ocrx_word' id='word_1_105' title='bbox 253 2250 349 2314; x_wconf 88' lang='lat' dir='ltr'>Nune</span> <span class='ocrx_word' id='word_1_106' title='bbox 371 2251 453 2314; x_wconf 87' lang='lat' dir='ltr'>bene</span> <span class='ocrx_word' id='word_1_107' title='bbox 476 2242 625 2314; x_wconf 79' lang='lat' dir='ltr'>accusato</span> <span class='ocrx_word' id='word_1_108' title='bbox 647 2272 759 2315; x_wconf 89' lang='lat' dir='ltr'>somno</span> <span class='ocrx_word' id='word_1_109' title='bbox 782 2253 954 2315; x_wconf 85' lang='lat' dir='ltr'>dormitum</span> <span class='ocrx_word' id='word_1_110' title='bbox 976 2274 1028 2316; x_wconf 91' lang='lat' dir='ltr'>eo:</span> <span class='ocrx_word' id='word_1_111' title='bbox 1055 2274 1133 2315; x_wconf 92' lang='lat' dir='ltr'>nam</span> <span class='ocrx_word' id='word_1_112' title='bbox 1154 2274 1286 2335; x_wconf 84' lang='lat' dir='ltr'>vespera</span> <span class='ocrx_word' id='word_1_113' title='bbox 1314 2251 1394 2316; x_wconf 86' lang='lat' dir='ltr'>haee</span> 
     </span>
     <span class='ocr_line' id='line_1_16' title="bbox 231 2352 1297 2437; baseline 0.001 -21"><span class='ocrx_word' id='word_1_114' title='bbox 231 2352 234 2356; x_wconf 67' lang='grc'>’</span> <span class='ocrx_word' id='word_1_115' title='bbox 254 2353 294 2416; x_wconf 93' lang='lat' dir='ltr'>ad</span> <span class='ocrx_word' id='word_1_116' title='bbox 315 2355 348 2417; x_wconf 88' lang='lat' dir='ltr'>te</span> <span class='ocrx_word' id='word_1_117' title='bbox 370 2352 507 2416; x_wconf 78' lang='lat' dir='ltr'>detexui.</span> <span class='ocrx_word' id='word_1_118' title='bbox 547 2352 632 2435; x_wconf 91' lang='lat' dir='ltr'>Opto</span> <span class='ocrx_word' id='word_1_119' title='bbox 654 2353 727 2415; x_wconf 69' lang='lat' dir='ltr'>nel1</span> <span class='ocrx_word' id='word_1_120' title='bbox 751 2352 831 2415; x_wconf 90' lang='lat' dir='ltr'>mihi</span> <span class='ocrx_word' id='word_1_121' title='bbox 854 2374 984 2417; x_wconf 89' lang='lat' dir='ltr'>somnus</span> <span class='ocrx_word' id='word_1_122' title='bbox 1006 2354 1146 2437; x_wconf 82' lang='lat' dir='ltr'>gratiam</span> <span class='ocrx_word' id='word_1_123' title='bbox 1168 2354 1297 2417; x_wconf 85' lang='lat' dir='ltr'>referat.</span> 
     </span>
    </p>
   </div>
   <div class='ocr_carea' id='block_1_3' title="bbox 449 2518 1199 2588">
    <p class='ocr_par' dir='ltr' id='par_1_5' title="bbox 449 2518 1199 2588">
     <span class='ocr_line' id='line_1_17' title="bbox 449 2518 1199 2588; baseline 0.001 -2"><span class='ocrx_word' id='word_1_124' title='bbox 449 2520 490 2586; x_wconf 83' lang='lat' dir='ltr'>V.</span> <span class='ocrx_word' id='word_1_125' title='bbox 524 2520 760 2587; x_wconf 78' lang='lat' dir='ltr'>¹²l1.daesari</span> <span class='ocrx_word' id='word_1_126' title='bbox 782 2522 934 2587; x_wconf 81' lang='lat' dir='ltr'>Domino</span> <span class='ocrx_word' id='word_1_127' title='bbox 958 2518 1030 2588; x_wconf 84' lang='lat' dir='ltr'>Suo</span> <span class='ocrx_word' id='word_1_128' title='bbox 1051 2522 1199 2588; x_wconf 85' lang='lat' dir='ltr'>Fronto.</span> 
     </span>
    </p>
   </div>
   <div class='ocr_carea' id='block_1_4' title="bbox 253 2640 1394 2825">
    <p class='ocr_par' dir='ltr' id='par_1_6' title="bbox 253 2640 1394 2825">
     <span class='ocr_line' id='line_1_18' title="bbox 337 2640 1394 2724; baseline 0.002 -21"><span class='ocrx_word' id='word_1_129' title='bbox 337 2640 474 2704; x_wconf 92' lang='lat' dir='ltr'>Domum</span> <span class='ocrx_word' id='word_1_130' title='bbox 496 2661 622 2704; x_wconf 87' lang='lat' dir='ltr'>reverso</span> <span class='ocrx_word' id='word_1_131' title='bbox 644 2640 723 2703; x_wconf 89' lang='lat' dir='ltr'>mihi</span> <span class='ocrx_word' id='word_1_132' title='bbox 746 2640 883 2722; x_wconf 83' lang='lat' dir='ltr'>epistula</span> <span class='ocrx_word' id='word_1_133' title='bbox 905 2642 1029 2705; x_wconf 88' lang='lat' dir='ltr'>reddita</span> <span class='ocrx_word' id='word_1_134' title='bbox 1052 2644 1110 2724; x_wconf 92' lang='lat' dir='ltr'>est,</span> <span class='ocrx_word' id='word_1_135' title='bbox 1134 2663 1230 2724; x_wconf 92' lang='lat' dir='ltr'>quam</span> <span class='ocrx_word' id='word_1_136' title='bbox 1252 2644 1289 2704; x_wconf 90' lang='lat' dir='ltr'>tu</span> <span class='ocrx_word' id='word_1_137' title='bbox 1310 2642 1394 2705; x_wconf 81' lang='lat' dir='ltr'>vide·</span> 
     </span>
     <span class='ocr_line' id='line_1_19' title="bbox 253 2740 1394 2825; baseline -0.002 -19"><span class='ocrx_word' id='word_1_138' title='bbox 253 2742 329 2806; x_wconf 78' lang='lat' dir='ltr'>lieet</span> <span class='ocrx_word' id='word_1_139' title='bbox 350 2741 487 2806; x_wconf 87' lang='lat' dir='ltr'>Romam</span> <span class='ocrx_word' id='word_1_140' title='bbox 507 2740 587 2804; x_wconf 90' lang='lat' dir='ltr'>mihi</span> <span class='ocrx_word' id='word_1_141' title='bbox 614 2741 802 2824; x_wconf 77' lang='lat' dir='ltr'>scripseras,</span> <span class='ocrx_word' id='word_1_142' title='bbox 838 2744 871 2805; x_wconf 89' lang='lat' dir='ltr'>et</span> <span class='ocrx_word' id='word_1_143' title='bbox 900 2745 969 2804; x_wconf 87' lang='lat' dir='ltr'>erat</span> <span class='ocrx_word' id='word_1_144' title='bbox 996 2742 1063 2806; x_wconf 90' lang='lat' dir='ltr'>lata</span> <span class='ocrx_word' id='word_1_145' title='bbox 1091 2743 1243 2825; x_wconf 80' lang='lat' dir='ltr'>Romam3</span> <span class='ocrx_word' id='word_1_146' title='bbox 1280 2742 1394 2805; x_wconf 90' lang='lat' dir='ltr'>deinde</span> 
     </span>
    </p>
   </div>
   <div class='ocr_carea' id='block_1_5' title="bbox 253 2842 1496 2926">
    <p class='ocr_par' dir='ltr' id='par_1_7' title="bbox 253 2842 1496 2926">
     <span class='ocr_line' id='line_1_20' title="bbox 253 2842 1496 2926; baseline -0.001 -19"><span class='ocrx_word' id='word_1_147' title='bbox 253 2843 346 2907; x_wconf 86' lang='lat' dir='ltr'>hodie</span> <span class='ocrx_word' id='word_1_148' title='bbox 373 2842 476 2906; x_wconf 90' lang='lat' dir='ltr'>relata</span> <span class='ocrx_word' id='word_1_149' title='bbox 504 2846 537 2905; x_wconf 92' lang='lat' dir='ltr'>et</span> <span class='ocrx_word' id='word_1_150' title='bbox 563 2842 659 2925; x_wconf 90' lang='lat' dir='ltr'>paulo</span> <span class='ocrx_word' id='word_1_151' title='bbox 687 2846 762 2905; x_wconf 86' lang='lat' dir='ltr'>ante</span> <span class='ocrx_word' id='word_1_152' title='bbox 785 2842 864 2905; x_wconf 91' lang='lat' dir='ltr'>mihi</span> <span class='ocrx_word' id='word_1_153' title='bbox 887 2845 936 2905; x_wconf 87' lang='lat' dir='ltr'>est</span> <span class='ocrx_word' id='word_1_154' title='bbox 957 2844 1097 2907; x_wconf 86' lang='lat' dir='ltr'>reddita:</span> <span class='ocrx_word' id='word_1_155' title='bbox 1130 2844 1165 2907; x_wconf 91' lang='lat' dir='ltr'>in</span> <span class='ocrx_word' id='word_1_156' title='bbox 1194 2865 1257 2926; x_wconf 87' lang='lat' dir='ltr'>qna</span> <span class='ocrx_word' id='word_1_157' title='bbox 1279 2865 1393 2926; x_wconf 78' lang='lat' dir='ltr'>pauca,</span> <span class='ocrx_word' id='word_1_158' title='bbox 1494 2858 1496 2862; x_wconf 81' lang='grc'>’</span> 
     </span>
    </p>
   </div>
   <div class='ocr_carea' id='block_1_6' title="bbox 252 2944 1394 3314">
    <p class='ocr_par' dir='ltr' id='par_1_8' title="bbox 252 2944 1394 3314">
     <span class='ocr_line' id='line_1_21' title="bbox 253 2944 1394 3030; baseline -0.002 -21"><span class='ocrx_word' id='word_1_159' title='bbox 253 2966 334 3030; x_wconf 87' lang='lat' dir='ltr'>quae</span> <span class='ocrx_word' id='word_1_160' title='bbox 357 2965 416 3029; x_wconf 84' lang='lat' dir='ltr'>ego</span> <span class='ocrx_word' id='word_1_161' title='bbox 438 2965 496 3028; x_wconf 91' lang='lat' dir='ltr'>pro</span> <span class='ocrx_word' id='word_1_162' title='bbox 518 2965 629 3008; x_wconf 89' lang='lat' dir='ltr'>somno</span> <span class='ocrx_word' id='word_1_163' title='bbox 650 2944 806 3026; x_wconf 81' lang='lat' dir='ltr'>dixeram,</span> <span class='ocrx_word' id='word_1_164' title='bbox 831 2946 867 3006; x_wconf 87' lang='lat' dir='ltr'>tu</span> <span class='ocrx_word' id='word_1_165' title='bbox 888 2944 998 3008; x_wconf 88' lang='lat' dir='ltr'>multis</span> <span class='ocrx_word' id='word_1_166' title='bbox 1021 2948 1053 3008; x_wconf 90' lang='lat' dir='ltr'>et</span> <span class='ocrx_word' id='word_1_167' title='bbox 1075 2944 1277 3029; x_wconf 83' lang='lat' dir='ltr'>elegantibus</span> <span class='ocrx_word' id='word_1_168' title='bbox 1300 2966 1394 3028; x_wconf 87' lang='lat' dir='ltr'>argu-</span> 
     </span>
     <span class='ocr_line' id='line_1_22' title="bbox 252 3046 1394 3128; baseline -0.003 -17"><span class='ocrx_word' id='word_1_169' title='bbox 252 3049 370 3111; x_wconf 82' lang='lat' dir='ltr'>mentis</span> <span class='ocrx_word' id='word_1_170' title='bbox 385 3046 533 3110; x_wconf 88' lang='lat' dir='ltr'>refutasti</span> <span class='ocrx_word' id='word_1_171' title='bbox 548 3046 594 3108; x_wconf 90' lang='lat' dir='ltr'>ita</span> <span class='ocrx_word' id='word_1_172' title='bbox 619 3046 740 3127; x_wconf 85' lang='lat' dir='ltr'>¹³seite,</span> <span class='ocrx_word' id='word_1_173' title='bbox 764 3046 810 3107; x_wconf 88' lang='lat' dir='ltr'>ita</span> <span class='ocrx_word' id='word_1_174' title='bbox 833 3046 995 3127; x_wconf 87' lang='lat' dir='ltr'>suptiliter</span> <span class='ocrx_word' id='word_1_175' title='bbox 1011 3049 1043 3108; x_wconf 88' lang='lat' dir='ltr'>et</span> <span class='ocrx_word' id='word_1_176' title='bbox 1058 3050 1144 3127; x_wconf 91' lang='lat' dir='ltr'>apte,</span> <span class='ocrx_word' id='word_1_177' title='bbox 1168 3047 1214 3127; x_wconf 91' lang='lat' dir='ltr'>ut,</span> <span class='ocrx_word' id='word_1_178' title='bbox 1239 3046 1265 3106; x_wconf 90' lang='lat' dir='ltr'>si</span> <span class='ocrx_word' id='word_1_179' title='bbox 1281 3046 1394 3128; x_wconf 83' lang='lat' dir='ltr'>vigilia</span> 
     </span>
     <span class='ocr_line' id='line_1_23' title="bbox 252 3144 1393 3229; baseline -0.004 -16"><span class='ocrx_word' id='word_1_180' title='bbox 252 3150 313 3213; x_wconf 87' lang='lat' dir='ltr'>tibi</span> <span class='ocrx_word' id='word_1_181' title='bbox 334 3148 394 3212; x_wconf 89' lang='lat' dir='ltr'>hoe</span> <span class='ocrx_word' id='word_1_182' title='bbox 417 3147 573 3211; x_wconf 79' lang='lat' dir='ltr'>acuminis</span> <span class='ocrx_word' id='word_1_183' title='bbox 601 3149 633 3209; x_wconf 91' lang='lat' dir='ltr'>et</span> <span class='ocrx_word' id='word_1_184' title='bbox 654 3145 770 3229; x_wconf 89' lang='lat' dir='ltr'>leporis</span> <span class='ocrx_word' id='word_1_185' title='bbox 794 3146 913 3228; x_wconf 82' lang='lat' dir='ltr'>adfert,</span> <span class='ocrx_word' id='word_1_186' title='bbox 945 3167 1004 3229; x_wconf 85' lang='lat' dir='ltr'>ego</span> <span class='ocrx_word' id='word_1_187' title='bbox 1024 3167 1137 3229; x_wconf 87' lang='lat' dir='ltr'>prosus</span> <span class='ocrx_word' id='word_1_188' title='bbox 1147 3146 1172 3186; x_wconf 76' lang='lat'>¹⁴</span> <span class='ocrx_word' id='word_1_189' title='bbox 1198 3144 1333 3228; x_wconf 77' lang='lat' dir='ltr'>uigilare</span> <span class='ocrx_word' id='word_1_190' title='bbox 1361 3148 1393 3208; x_wconf 90' lang='lat' dir='ltr'>te</span> 
     </span>
     <span class='ocr_line' id='line_1_24' title="bbox 253 3250 425 3314; baseline -0.012 0"><span class='ocrx_word' id='word_1_191' title='bbox 253 3250 425 3314; x_wconf 82' lang='lat' dir='ltr'>mallem¹⁵.</span> 
     </span>
    </p>
   </div>
   <div class='ocr_carea' id='block_1_7' title="bbox 251 3381 1394 4884">
    <p class='ocr_par' dir='ltr' id='par_1_9' title="bbox 251 3381 1394 4884">
     <span class='ocr_line' id='line_1_25' title="bbox 323 3381 1188 3451; baseline -0.003 -15"><span class='ocrx_word' id='word_1_192' title='bbox 323 3390 336 3436; x_wconf 92' lang='lat'>1</span> <span class='ocrx_word' id='word_1_193' title='bbox 354 3383 404 3436; x_wconf 88' lang='lat' dir='ltr'>Ed.</span> <span class='ocrx_word' id='word_1_194' title='bbox 423 3384 502 3437; x_wconf 85' lang='lat' dir='ltr'>Rom.</span> <span class='ocrx_word' id='word_1_195' title='bbox 522 3399 682 3451; x_wconf 85' lang='lat' dir='ltr'>perperam:</span> <span class='ocrx_word' id='word_1_196' title='bbox 701 3384 730 3436; x_wconf 93' lang='lat' dir='ltr'>et</span> <span class='ocrx_word' id='word_1_197' title='bbox 747 3402 782 3436; x_wconf 78' lang='lat' dir='ltr'>ex</span> <span class='ocrx_word' id='word_1_198' title='bbox 799 3382 915 3436; x_wconf 86' lang='lat' dir='ltr'>somnio.</span> <span class='ocrx_word' id='word_1_199' title='bbox 950 3383 1035 3436; x_wconf 83' lang='lat' dir='ltr'>Reate</span> <span class='ocrx_word' id='word_1_200' title='bbox 1055 3381 1097 3435; x_wconf 90' lang='lat' dir='ltr'>ed.</span> <span class='ocrx_word' id='word_1_201' title='bbox 1115 3381 1188 3434; x_wconf 86' lang='lat' dir='ltr'>Med.</span> 
     </span>
     <span class='ocr_line' id='line_1_26' title="bbox 323 3464 916 3536; baseline -0.003 -15"><span class='ocrx_word' id='word_1_202' title='bbox 323 3475 338 3521; x_wconf 80' lang='grc'><strong>2</strong></span> <span class='ocrx_word' id='word_1_203' title='bbox 357 3467 527 3536; x_wconf 85' lang='lat' dir='ltr'>Sohopenus:</span> <span class='ocrx_word' id='word_1_204' title='bbox 546 3473 641 3520; x_wconf 78' lang='lat' dir='ltr'>iniiizun</span> <span class='ocrx_word' id='word_1_205' title='bbox 659 3464 798 3519; x_wconf 84' lang='lat' dir='ltr'>scribendi</span> <span class='ocrx_word' id='word_1_206' title='bbox 814 3472 916 3532; x_wconf 78' lang='lat' dir='ltr'>fecisse.</span> 
     </span>
     <span class='ocr_line' id='line_1_27' title="bbox 321 3549 1394 3620; baseline -0.003 -15"><span class='ocrx_word' id='word_1_207' title='bbox 321 3559 336 3605; x_wconf 89' lang='lat'><strong>3</strong></span> <span class='ocrx_word' id='word_1_208' title='bbox 354 3552 428 3620; x_wconf 86' lang='lat' dir='ltr'>Lege</span> <span class='ocrx_word' id='word_1_209' title='bbox 446 3550 590 3619; x_wconf 80' lang='lat' dir='ltr'>Synesium</span> <span class='ocrx_word' id='word_1_210' title='bbox 608 3550 642 3603; x_wconf 88' lang='lat' dir='ltr'>de</span> <span class='ocrx_word' id='word_1_211' title='bbox 660 3551 771 3603; x_wconf 87' lang='lat' dir='ltr'>somniis</span> <span class='ocrx_word' id='word_1_212' title='bbox 789 3550 838 3603; x_wconf 86' lang='lat' dir='ltr'>Ed.</span> <span class='ocrx_word' id='word_1_213' title='bbox 853 3552 948 3604; x_wconf 86' lang='lat' dir='ltr'>Petav.</span> <span class='ocrx_word' id='word_1_214' title='bbox 968 3570 995 3619; x_wconf 89' lang='lat' dir='ltr'>p.</span> <span class='ocrx_word' id='word_1_215' title='bbox 1012 3556 1058 3605; x_wconf 82' lang='lat'>136</span> <span class='ocrx_word' id='word_1_216' title='bbox 1081 3550 1240 3618; x_wconf 86' lang='lat' dir='ltr'>ibidemque</span> <span class='ocrx_word' id='word_1_217' title='bbox 1258 3549 1394 3618; x_wconf 79' lang='lat' dir='ltr'>Nicepho-</span> 
     </span>
     <span class='ocr_line' id='line_1_28' title="bbox 253 3641 557 3706; baseline -0.013 -14"><span class='ocrx_word' id='word_1_218' title='bbox 253 3655 315 3692; x_wconf 80' lang='lat' dir='ltr'>rum</span> <span class='ocrx_word' id='word_1_219' title='bbox 332 3656 359 3706; x_wconf 92' lang='lat' dir='ltr'>p.</span> <span class='ocrx_word' id='word_1_220' title='bbox 373 3642 431 3690; x_wconf 80' lang='lat'>371.</span> <span class='ocrx_word' id='word_1_221' title='bbox 462 3641 557 3690; x_wconf 80' lang='lat' dir='ltr'>Maius.</span> 
     </span>
     <span class='ocr_line' id='line_1_29' title="bbox 320 3720 529 3775; baseline -0.014 0"><span class='ocrx_word' id='word_1_222' title='bbox 320 3728 337 3775; x_wconf 82' lang='lat'>4</span> <span class='ocrx_word' id='word_1_223' title='bbox 355 3720 458 3775; x_wconf 81' lang='lat' dir='ltr'>Codex:</span> <span class='ocrx_word' id='word_1_224' title='bbox 478 3725 529 3774; x_wconf 77' lang='lat' dir='ltr'>Ad.</span> 
     </span>
     <span class='ocr_line' id='line_1_30' title="bbox 321 3803 740 3858; baseline -0.002 0"><span class='ocrx_word' id='word_1_225' title='bbox 321 3806 388 3858; x_wconf 78' lang='lat' dir='ltr'>boi.</span> <span class='ocrx_word' id='word_1_226' title='bbox 408 3804 486 3857; x_wconf 84' lang='lat' dir='ltr'>Ovid.</span> <span class='ocrx_word' id='word_1_227' title='bbox 504 3804 564 3858; x_wconf 88' lang='lat' dir='ltr'>Art.</span> <span class='ocrx_word' id='word_1_228' title='bbox 584 3803 644 3856; x_wconf 90' lang='lat' dir='ltr'>Am.</span> <span class='ocrx_word' id='word_1_229' title='bbox 664 3803 684 3855; x_wconf 94' lang='grc' dir='ltr'>Ι.</span> <span class='ocrx_word' id='word_1_230' title='bbox 699 3809 740 3857; x_wconf 75' lang='grc'>28.</span> 
     </span>
     <span class='ocr_line' id='line_1_31' title="bbox 321 3887 674 3946; baseline -0.011 -3"><span class='ocrx_word' id='word_1_231' title='bbox 321 3895 336 3943; x_wconf 85' lang='grc'><strong>6</strong></span> <span class='ocrx_word' id='word_1_232' title='bbox 353 3887 404 3946; x_wconf 79' lang='lat' dir='ltr'>Ed.</span> <span class='ocrx_word' id='word_1_233' title='bbox 423 3889 562 3942; x_wconf 85' lang='lat' dir='ltr'>Romana:</span> <span class='ocrx_word' id='word_1_234' title='bbox 581 3891 674 3942; x_wconf 80' lang='lat' dir='ltr'>obuias.</span> 
     </span>
     <span class='ocr_line' id='line_1_32' title="bbox 322 3971 909 4040; baseline -0.002 -13"><span class='ocrx_word' id='word_1_235' title='bbox 322 3979 336 4027; x_wconf 84' lang='grc'><strong>7</strong></span> <span class='ocrx_word' id='word_1_236' title='bbox 355 3974 387 4026; x_wconf 88' lang='lat' dir='ltr'>of.</span> <span class='ocrx_word' id='word_1_237' title='bbox 407 3971 519 4027; x_wconf 87' lang='lat' dir='ltr'>Hesiod.</span> <span class='ocrx_word' id='word_1_238' title='bbox 539 3971 681 4040; x_wconf 83' lang='lat' dir='ltr'>Theogon.</span> <span class='ocrx_word' id='word_1_239' title='bbox 702 3978 734 4027; x_wconf 79' lang='lat'>23</span> <span class='ocrx_word' id='word_1_240' title='bbox 744 3990 783 4040; x_wconf 89' lang='lat' dir='ltr'>sq.</span> <span class='ocrx_word' id='word_1_241' title='bbox 816 3978 909 4027; x_wconf 79' lang='lat' dir='ltr'>Maius.</span> 
     </span>
     <span class='ocr_line' id='line_1_33' title="bbox 321 4055 643 4123; baseline -0.003 -11"><span class='ocrx_word' id='word_1_242' title='bbox 321 4063 337 4112; x_wconf 84' lang='lat'>8</span> <span class='ocrx_word' id='word_1_243' title='bbox 355 4055 433 4110; x_wconf 62' lang='lat' dir='ltr'>Cede</span> <span class='ocrx_word' id='word_1_244' title='bbox 451 4061 643 4123; x_wconf 56' lang='lat' dir='ltr'>pulcherrimae.</span> 
     </span>
     <span class='ocr_line' id='line_1_34' title="bbox 321 4139 785 4209; baseline 0.002 -14"><span class='ocrx_word' id='word_1_245' title='bbox 321 4148 337 4195; x_wconf 84' lang='grc'><strong>9</strong></span> <span class='ocrx_word' id='word_1_246' title='bbox 354 4140 455 4209; x_wconf 83' lang='lat' dir='ltr'>Incipit</span> <span class='ocrx_word' id='word_1_247' title='bbox 473 4139 539 4194; x_wconf 75' lang='lat' dir='ltr'>dod.</span> <span class='ocrx_word' id='word_1_248' title='bbox 557 4141 682 4194; x_wconf 85' lang='lat' dir='ltr'>Ambros.</span> <span class='ocrx_word' id='word_1_249' title='bbox 702 4159 728 4209; x_wconf 91' lang='lat' dir='ltr'>p.</span> <span class='ocrx_word' id='word_1_250' title='bbox 744 4147 785 4196; x_wconf 82' lang='lat'>98.</span> 
     </span>
     <span class='ocr_line' id='line_1_35' title="bbox 306 4224 774 4292; baseline 0.004 -14"><span class='ocrx_word' id='word_1_251' title='bbox 306 4233 337 4280; x_wconf 87' lang='grc'>10</span> <span class='ocrx_word' id='word_1_252' title='bbox 353 4224 443 4279; x_wconf 86' lang='lat' dir='ltr'>Maius</span> <span class='ocrx_word' id='word_1_253' title='bbox 461 4225 591 4278; x_wconf 81' lang='lat' dir='ltr'>coniecit:</span> <span class='ocrx_word' id='word_1_254' title='bbox 610 4233 657 4278; x_wconf 84' lang='lat' dir='ltr'>mei</span> <span class='ocrx_word' id='word_1_255' title='bbox 670 4231 774 4292; x_wconf 71' lang='lat' dir='ltr'>fiducie.</span> 
     </span>
     <span class='ocr_line' id='line_1_36' title="bbox 306 4307 1394 4379; baseline -0.002 -17"><span class='ocrx_word' id='word_1_256' title='bbox 306 4316 336 4363; x_wconf 93' lang='lat'>11</span> <span class='ocrx_word' id='word_1_257' title='bbox 354 4307 441 4363; x_wconf 89' lang='lat' dir='ltr'>Maius</span> <span class='ocrx_word' id='word_1_258' title='bbox 463 4308 544 4376; x_wconf 86' lang='lat' dir='ltr'>legit:</span> <span class='ocrx_word' id='word_1_259' title='bbox 569 4313 669 4364; x_wconf 80' lang='lat' dir='ltr'>Orione.</span> <span class='ocrx_word' id='word_1_260' title='bbox 711 4309 804 4364; x_wconf 82' lang='lat' dir='ltr'>Codex</span> <span class='ocrx_word' id='word_1_261' title='bbox 830 4310 916 4364; x_wconf 87' lang='lat' dir='ltr'>habet</span> <span class='ocrx_word' id='word_1_262' title='bbox 941 4310 969 4363; x_wconf 91' lang='lat' dir='ltr'>id</span> <span class='ocrx_word' id='word_1_263' title='bbox 999 4311 1074 4379; x_wconf 87' lang='lat' dir='ltr'>quod</span> <span class='ocrx_word' id='word_1_264' title='bbox 1100 4310 1171 4363; x_wconf 85' lang='lat' dir='ltr'>dedi.</span> <span class='ocrx_word' id='word_1_265' title='bbox 1209 4310 1311 4363; x_wconf 88' lang='lat' dir='ltr'>Verum</span> <span class='ocrx_word' id='word_1_266' title='bbox 1337 4310 1394 4362; x_wconf 87' lang='lat' dir='ltr'>iam</span> 
     </span>
     <span class='ocr_line' id='line_1_37' title="bbox 254 4393 665 4461; baseline -0.002 -13"><span class='ocrx_word' id='word_1_267' title='bbox 254 4395 422 4461; x_wconf 88' lang='lat' dir='ltr'>adsequutus</span> <span class='ocrx_word' id='word_1_268' title='bbox 440 4395 501 4447; x_wconf 87' lang='lat' dir='ltr'>erat</span> <span class='ocrx_word' id='word_1_269' title='bbox 519 4393 665 4447; x_wconf 86' lang='lat' dir='ltr'>laeobsius.</span> 
     </span>
     <span class='ocr_line' id='line_1_38' title="bbox 294 4476 1002 4554; baseline 0.003 -24"><span class='ocrx_word' id='word_1_270' title='bbox 294 4484 337 4530; x_wconf 79' lang='lat'>·12</span> <span class='ocrx_word' id='word_1_271' title='bbox 356 4476 482 4546; x_wconf 84' lang='lat' dir='ltr'>Spatium</span> <span class='ocrx_word' id='word_1_272' title='bbox 501 4480 543 4531; x_wconf 85' lang='lat' dir='ltr'>est</span> <span class='ocrx_word' id='word_1_273' title='bbox 562 4478 683 4546; x_wconf 87' lang='lat' dir='ltr'>quinque</span> <span class='ocrx_word' id='word_1_274' title='bbox 701 4495 830 4554; x_wconf 89' lang='lat' dir='ltr'>versuum</span> <span class='ocrx_word' id='word_1_275' title='bbox 847 4479 875 4532; x_wconf 93' lang='lat' dir='ltr'>in</span> <span class='ocrx_word' id='word_1_276' title='bbox 895 4479 1002 4533; x_wconf 81' lang='lat' dir='ltr'>Codice.</span> 
     </span>
     <span class='ocr_line' id='line_1_39' title="bbox 307 4561 1394 4632; baseline 0.001 -18"><span class='ocrx_word' id='word_1_277' title='bbox 307 4568 337 4615; x_wconf 86' lang='lat'>13</span> <span class='ocrx_word' id='word_1_278' title='bbox 355 4561 495 4616; x_wconf 87' lang='lat' dir='ltr'>Librarius</span> <span class='ocrx_word' id='word_1_279' title='bbox 513 4561 633 4615; x_wconf 80' lang='lat' dir='ltr'>STH&#39;PA</span> <span class='ocrx_word' id='word_1_280' title='bbox 654 4562 697 4616; x_wconf 82' lang='lat' dir='ltr'>bis</span> <span class='ocrx_word' id='word_1_281' title='bbox 720 4563 837 4632; x_wconf 84' lang='lat' dir='ltr'>scripsit.</span> <span class='ocrx_word' id='word_1_282' title='bbox 886 4563 950 4617; x_wconf 91' lang='lat' dir='ltr'>Mox</span> <span class='ocrx_word' id='word_1_283' title='bbox 971 4570 1111 4631; x_wconf 78' lang='lat' dir='ltr'>suptiliter,</span> <span class='ocrx_word' id='word_1_284' title='bbox 1135 4581 1283 4632; x_wconf 86' lang='lat' dir='ltr'>perperam</span> <span class='ocrx_word' id='word_1_285' title='bbox 1306 4564 1394 4617; x_wconf 85' lang='lat' dir='ltr'>Maius</span> 
     </span>
     <span class='ocr_line' id='line_1_40' title="bbox 251 4645 489 4702; baseline -0.013 0"><span class='ocrx_word' id='word_1_286' title='bbox 251 4651 378 4702; x_wconf 74' lang='lat' dir='ltr'>artbiiliier</span> <span class='ocrx_word' id='word_1_287' title='bbox 396 4645 489 4699; x_wconf 84' lang='lat' dir='ltr'>edidit.</span> 
     </span>
     <span class='ocr_line' id='line_1_41' title="bbox 307 4729 756 4801; baseline 0.002 -18"><span class='ocrx_word' id='word_1_288' title='bbox 307 4736 338 4783; x_wconf 86' lang='grc'>14</span> <span class='ocrx_word' id='word_1_289' title='bbox 356 4729 401 4784; x_wconf 79' lang='lat' dir='ltr'>sic</span> <span class='ocrx_word' id='word_1_290' title='bbox 418 4734 553 4799; x_wconf 84' lang='lat' dir='ltr'>perpetuo</span> <span class='ocrx_word' id='word_1_291' title='bbox 571 4750 622 4801; x_wconf 91' lang='lat' dir='ltr'>pro</span> <span class='ocrx_word' id='word_1_292' title='bbox 640 4752 756 4800; x_wconf 79' lang='lat' dir='ltr'>prorsus.</span> 
     </span>
     <span class='ocr_line' id='line_1_42' title="bbox 307 4815 614 4884; baseline 0.01 -16"><span class='ocrx_word' id='word_1_293' title='bbox 307 4819 338 4869; x_wconf 84' lang='lat'>15</span> <span class='ocrx_word' id='word_1_294' title='bbox 355 4815 380 4867; x_wconf 79' lang='lat' dir='ltr'>A</span> <span class='ocrx_word' id='word_1_295' title='bbox 396 4833 437 4884; x_wconf 89' lang='lat' dir='ltr'>pr.</span> <span class='ocrx_word' id='word_1_296' title='bbox 457 4833 493 4869; x_wconf 83' lang='lat' dir='ltr'>nr.</span> <span class='ocrx_word' id='word_1_297' title='bbox 513 4823 614 4871; x_wconf 81' lang='lat' dir='ltr'>medem.</span> 
     </span>
    </p>
   </div>
   <div class='ocr_carea' id='block_1_8' title="bbox 0 0 1654 5950">
    <p class='ocr_par' dir='ltr' id='par_1_10' title="bbox 0 0 1654 5950">
     <span class='ocr_line' id='line_1_43' title="bbox 0 0 1654 5950; baseline 0 0"><span class='ocrx_word' id='word_1_298' title='bbox 0 0 1654 5950; x_wconf 95' lang='lat' dir='ltr'> </span> 
     </span>
    </p>
   </div>
  </div>
 </body>
</html>
