3300 5950
273 761 333 825 102
364 786 372 801 ·
469 726 1202 814 ..1.001111111111101110111111110111111

272 931 362 1026 valde
385 931 452 994 volt
474 932 511 993 nt
532 930 593 993 hoo
621 953 639 993 a
665 933 698 994 te
721 932 904 1013 impetrem:
933 930 1089 994 desideria
1117 933 1224 993 autern
1251 928 1337 993 illius
1365 929 1414 993 in-

271 1036 505 1116 temperantem
526 1055 577 1096 me
600 1036 632 1096 et
654 1030 830 1096 violentum
844 1032 979 1096 faciunt.
1010 1030 1097 1096 ,Vale
1119 1029 1164 1094 mi
1186 1030 1414 1095 iucundissime

272 1135 437 1219 magister.
481 1133 640 1218 Nepotem
662 1136 753 1197 tuum
775 1135 889 1198 saluta.
936 1166 939 1170 ·

480 1304 520 1369 V.
551 1301 732 1370 Antonino
754 1300 917 1386 Augusto
940 1303 1090 1370 Domino
1112 1304 1200 1370 1110.

357 1441 464 1504 Ante¹
492 1443 635 1524 gestum,
671 1443 744 1524 post
765 1441 917 1523 relatum,
949 1441 1041 1503 aiunt
1069 1440 1124 1524 qui
1151 1439 1279 1503 tabulas
1307 1440 1416 1503 sedulo

274 1542 457 1607 conficiunt.
491 1541 580 1605 Idem
601 1542 733 1606 verbum
749 1543 911 1633 epistulae
930 1541 1006 1606 huic
1021 1545 1236 1626 opportunum
1251 1545 1310 1625 est,
1335 1563 1416 1624 quae

272 1644 389 1708 litteris
422 1644 485 1706 tuis
519 1665 622 1725 nuper
654 1644 695 1707 ad
726 1666 776 1707 me
809 1644 937 1727 scriptis
965 1667 1052 1707 nunc
1081 1644 1206 1707 demum
1233 1644 1414 1728 respondet.

274 1745 378 1809 Causa
396 1766 503 1821 morae
524 1745 597 1828 fuit,
622 1746 715 1828 qnod,
740 1768 812 1809 cum
827 1746 1000 1809 rescribere
1014 1745 1235 1828 instituissem,
1260 1746 1416 1829 quaedam

274 1848 374 1910 menti
396 1868 486 1910 meae
508 1868 542 1910 se
564 1847 741 1911 offerebant
762 1869 829 1911 non
851 1848 1037 1934 supina—ut
1059 1847 1186 1930 dieitur,
1213 1850 1317 1911 rostro
1340 1848 1415 1910 scri-

273 1950 388 2013 benda.
433 1948 517 2012 Dein
540 1951 670 2013 senatus
694 1950 760 2013 dies
782 1950 980 2032 intercessit,
1011 1955 1043 2013 et
1069 1949 1105 2012 in
1127 1953 1242 2013 senatu
1267 1950 1357 2012 labor
1379 1972 1416 2013 eo

148 2109 156 2119 ,
198 2117 201 2121 ,
242 2084 247 2090 ·
274 2052 403 2136 gravior
424 2053 610 2135 perceptus,
645 2051 729 2135 quod
757 2074 829 2115 oum
856 2052 973 2135 gaudio
1002 2051 1122 2115 semul²
1146 2052 1241 2115 altius
1265 2054 1415 2135 penetra·

273 2157 377 2236 verat,
412 2153 458 2216 ita
484 2157 521 2215 ut
550 2175 621 2215 cum
648 2153 713 2216 sole
740 2156 885 2217 ventusss.
935 2153 1031 2217 Nunc
1060 2153 1140 2217 haec
1168 2154 1306 2237 epistula
1332 2154 1416 2238 quod

274 2277 336 2319 non
362 2254 957 2339 1101111001101111101311111111,
992 2254 1120 2318 veniam
1147 2256 1183 2318 in
1206 2255 1416 2319 relationibus
1450 2324 1454 2332 .

274 2357 430 2420 usitatam
449 2356 562 2439 poscit,
586 2378 628 2421 ne
649 2356 755 2420 fraudi
777 2358 830 2420 sit.

360 2456 462 2532 Quom
485 2458 593 2541 accepi
614 2458 739 2522 litteras
761 2461 844 2541 tuas,
869 2458 1110 2552 ita-rescribere
1129 2480 1309 2542 coeperam:
1333 2459 1417 2522 Ama

275 2583 325 2624 me
354 2562 391 2623 ut
419 2582 521 2643 amas,
555 2560 671 2644 inquis.
721 2559 807 2624 Huic
835 2560 932 2624 verbo
964 2561 1155 2644 respondere
1183 2561 1278 2644 paulo
1311 2562 1417 2625 verbis

274 2662 418 2745 pluribus
445 2662 481 2725 in
504 2663 632 2725 animo4
660 2665 725 2725 est:
753 2662 907 2745 prolixius
935 2663 1022 2725 enim
1049 2662 1222 2726 rescribere
1250 2663 1311 2727 tibi
1338 2666 1417 2726 tem-

275 2785 352 2847 pore
373 2762 428 2826 illo
451 2763 602 2847 solebam,
627 2786 688 2848 quo
712 2765 854 2827 amatum
875 2766 908 2827 te
931 2785 1024 2844 ame,
1049 2764 1128 2827 satis
1144 2768 1342 2848 compertum
1356 2765 1431 2828 tibi'

276 2887 343 2930 esse
365 2867 434 2953 tute
456 2866 606 2929 ostendis.
651 2865 733 2929 Vide
756 2887 884 2949 quaeso,
908 2886 950 2928 ne
973 2867 1072 2929 temet
1098 2867 1166 2949 ipse
1189 2867 1356 2955 defrudes⁵
1386 2870 1419 2930 et
1480 2892 1483 2898 ⁴

276 2968 503 3033 detrimentum
526 2969 641 3033 amoris
663 2968 747 3032 ultro
769 2990 898 3051 poscas:
929 2967 1064 3051 amplius
1094 2968 1180 3032 enim
1201 2971 1294 3032 tanto
1317 2969 1418 3054 amari

276 3075 307 3136 te
331 3093 349 3133 a
371 3093 421 3135 me
443 3071 539 3134 velim
562 3071 670 3134 credas
692 3069 787 3152 mihi,
822 3072 943 3154 quanto
966 3070 1112 3134 omnibus
1139 3072 1174 3134 in
1196 3072 1291 3134 rebus
1313 3072 1419 3155 potior

276 3177 325 3238 est
348 3177 451 3237 certus
473 3174 770 3256 praesensi'ructus
793 3195 889 3256 quam
909 3172 1011 3236 futuri
1026 3194 1098 3256 spes
1113 3173 1269 3236 incertab.
1304 3173 1418 3258 Egone

277 3275 332 3360 qui
352 3274 493 3338 indolem
513 3275 638 3358 ingenii
660 3259 732 3337 tuifl'
756 3275 792 3337 in
819 3274 964 3358 germine
992 3273 1090 3337 etiam
1116 3276 1186 3337 tum
1208 3274 1296 3339 etin
1318 3274 1419 3340 herba

257 3370 310 3441 et
331 3377 367 3440 in
388 3376 465 3439 flore
488 3375 667 3458 dilexerim,
696 3397 784 3439 nunc
811 3376 939 3459 frugem
967 3375 1071 3458 ipsam
1098 3376 1262 3439 maturae⁷
1290 3377 1418 3440 virtutis

277 3500 384 3542 nonne
406 3478 507 3541 multo
529 3476 691 3560 multoque
720 3475 856 3560 amplius
879 3477 1052 3561 diligam?c
1095 3477 1177 3540 Tum
1200 3499 1260 3561 ego
1282 3479 1419 3541 stolidis-

278 3737 310 3788 ut
328 3751 391 3788 oum
408 3733 465 3790 solo
482 3733 589 3786 ventus.

362 3818 381 3871 b
399 3822 433 3871 In
450 3822 575 3885 mar-piae:
595 3814 729 3870 Omnibus
746 3817 829 3870 rebus
847 3817 941 3886 potior
958 3832 1091 3885 praesens
1109 3816 1214 3870 fructus
1232 3833 1316 3884 quam
1334 3815 1420 3870 futuri

279 3921 342 3974 spes
358 3903 473 3957 incerta.

364 4006 378 4042 1
399 3992 431 4041 In
448 3991 573 4054 margine:
595 3985 655 4054 Ego
675 3986 721 4054 qui
742 3986 759 4039 i.
779 3986 835 4040 it.
855 3986 872 4040 i.
893 3987 977 4056 germ
991 4029 1129 4040 ......
1154 3985 1183 4038 in
1200 3984 1289 4040 herba
1306 3985 1335 4038 in
1351 3984 1419 4040 flore

279 4075 304 4128 d.
324 4093 351 4128 11.
370 4074 388 4127 f.
408 4073 426 4127 i.
446 4088 501 4124 non
520 4069 637 4140 amplius
656 4070 788 4139 diligam?
805 4088 810 4094 ·

281 4184 341 4190 .....‚>
403 4183 414 4187 ..
428 4180 483 4188 ...-

363 4235 376 4280 1
397 4225 462 4280 Ccd.
483 4241 535 4277 sec.
555 4242 591 4276 111.
611 4236 696 4279 anteo.
733 4224 772 4277 Cf.
793 4223 879 4278 Cicer.
899 4225 933 4279 do
952 4224 1061 4278 Orator.
1082 4223 1115 4289 Π,
1134 4228 1219 4288 5180.

362 4313 439 4365 alta
457 4309 558 4364 Codex.
595 4311 627 4362 ln
644 4309 782 4378 margine:
801 4316 879 4364 simul.
919 4313 1012 4363 Maius.

363 4405 377 4451 3
395 4394 496 4464 Incipit
514 4393 579 4448 Cod.
599 4394 662 4448 Vat.
682 4413 709 4463 p.
724 4400 764 4448 96.

362 4487 379 4534 4
397 4480 501 4534 Codex:
520 4486 627 4547 animos,
650 4479 699 4534 sed
721 4496 789 4534 corr.
828 4478 965 4534 Credibile
983 4481 1026 4532 est
1049 4480 1077 4531 et
1093 4476 1138 4531 hic
1157 4478 1185 4532 et
1203 4477 1271 4532 alibi
1288 4477 1421 4549 scriptum

278 4566 360 4621 fuisse
378 4571 491 4618 animost.

364 4656 379 4704 5
396 4650 440 4703 lta
458 4648 558 4703 Codex.

365 4740 379 4787 6
399 4733 464 4786 Ood.
484 4752 526 4803 pr.
546 4753 581 4787 m.
602 4746 626 4788 el
645 4740 689 4791 lui.

365 4825 379 4873 7
399 4815 504 4872 Codex:
523 4829 639 4874 naturae.
