<?xml version="1.0" encoding="UTF-8"?>
<!DOCTYPE html PUBLIC "-//W3C//DTD XHTML 1.0 Transitional//EN"
    "http://www.w3.org/TR/xhtml1/DTD/xhtml1-transitional.dtd">
<html xmlns="http://www.w3.org/1999/xhtml" xml:lang="en" lang="en">
 <head>
  <title>
</title>
<meta http-equiv="Content-Type" content="text/html;charset=utf-8" />
  <meta name='ocr-system' content='tesseract 3.04.00' />
  <meta name='ocr-capabilities' content='ocr_page ocr_carea ocr_par ocr_line ocrx_word'/>
</head>
<body>
  <div class='ocr_page' id='page_1' title='image "./mcorneliifronto01frongoog/mcorneliifronto01frongoog_0057.png"; bbox 0 0 3300 5950; ppageno 0'>
   <div class='ocr_carea' id='block_1_1' title="bbox 439 784 1363 851">
    <p class='ocr_par' dir='ltr' id='par_1_1' title="bbox 439 784 1363 851">
     <span class='ocr_line' id='line_1_1' title="bbox 439 784 1363 851; baseline -0.01 -7"><span class='ocrx_word' id='word_1_1' title='bbox 439 790 489 843; x_wconf 90' lang='lat' dir='ltr'>AD</span> <span class='ocrx_word' id='word_1_2' title='bbox 506 789 542 842; x_wconf 91' lang='lat' dir='ltr'>M.</span> <span class='ocrx_word' id='word_1_3' title='bbox 558 787 750 843; x_wconf 80' lang='lat' dir='ltr'>CAESAREM</span> <span class='ocrx_word' id='word_1_4' title='bbox 767 787 814 840; x_wconf 79' lang='grc' dir='ltr'>ΕΤ</span> <span class='ocrx_word' id='word_1_5' title='bbox 833 785 985 839; x_wconf 85' lang='lat' dir='ltr'>INVlCEM</span> <span class='ocrx_word' id='word_1_6' title='bbox 1001 784 1110 838; x_wconf 83' lang='lat' dir='ltr'><strong>LIBER</strong></span> <span class='ocrx_word' id='word_1_7' title='bbox 1126 785 1147 837; x_wconf 93' lang='grc' dir='ltr'>Ι.</span> <span class='ocrx_word' id='word_1_8' title='bbox 1325 787 1363 851; x_wconf 78' lang='lat'>17</span> 
     </span>
    </p>
   </div>
   <div class='ocr_carea' id='block_1_2' title="bbox 221 956 1436 2459">
    <p class='ocr_par' dir='ltr' id='par_1_2' title="bbox 221 956 1436 2459">
     <span class='ocr_line' id='line_1_2' title="bbox 222 956 1362 1043; baseline -0.005 -18"><span class='ocrx_word' id='word_1_9' title='bbox 222 956 995 1043; x_wconf 78' lang='lat' dir='ltr'>cum...etiam...roge...doleaS...</span> <span class='ocrx_word' id='word_1_10' title='bbox 1026 957 1362 1020; x_wconf 90' lang='lat' dir='ltr'>ent...item...</span> 
     </span>
     <span class='ocr_line' id='line_1_3' title="bbox 223 1057 1363 1147; baseline -0.004 -21"><span class='ocrx_word' id='word_1_11' title='bbox 223 1111 361 1127; x_wconf 92' lang='grc'><strong>......</strong></span> <span class='ocrx_word' id='word_1_12' title='bbox 373 1079 387 1125; x_wconf 87' lang='grc'>’.</span> <span class='ocrx_word' id='word_1_13' title='bbox 407 1063 431 1146; x_wconf 66' lang='grc'>11</span> <span class='ocrx_word' id='word_1_14' title='bbox 461 1061 510 1125; x_wconf 91' lang='lat' dir='ltr'>De</span> <span class='ocrx_word' id='word_1_15' title='bbox 524 1061 638 1125; x_wconf 85' lang='lat' dir='ltr'>funere</span> <span class='ocrx_word' id='word_1_16' title='bbox 665 1058 801 1147; x_wconf 85' lang='lat' dir='ltr'>[quoque</span> <span class='ocrx_word' id='word_1_17' title='bbox 817 1058 998 1147; x_wconf 73' lang='lat' dir='ltr'>adldamus:</span> <span class='ocrx_word' id='word_1_18' title='bbox 1022 1058 1104 1121; x_wconf 88' lang='lat' dir='ltr'>sciat</span> <span class='ocrx_word' id='word_1_19' title='bbox 1117 1057 1241 1120; x_wconf 86' lang='lat' dir='ltr'>familia</span> <span class='ocrx_word' id='word_1_20' title='bbox 1258 1080 1363 1141; x_wconf 90' lang='lat' dir='ltr'>quern-</span> 
     </span>
     <span class='ocr_line' id='line_1_4' title="bbox 222 1159 1365 1246; baseline -0.003 -19"><span class='ocrx_word' id='word_1_21' title='bbox 222 1164 392 1227; x_wconf 83' lang='lat' dir='ltr'>admodum</span> <span class='ocrx_word' id='word_1_22' title='bbox 418 1163 543 1246; x_wconf 79' lang='lat' dir='ltr'>lugeat:</span> <span class='ocrx_word' id='word_1_23' title='bbox 578 1162 671 1225; x_wconf 90' lang='lat' dir='ltr'>aliter</span> <span class='ocrx_word' id='word_1_24' title='bbox 704 1161 833 1245; x_wconf 77' lang='lat' dir='ltr'>plangit</span> <span class='ocrx_word' id='word_1_25' title='bbox 866 1182 975 1224; x_wconf 85' lang='lat' dir='ltr'>servus</span> <span class='ocrx_word' id='word_1_26' title='bbox 1003 1159 1232 1241; x_wconf 90' lang='lat' dir='ltr'>manumissus,</span> <span class='ocrx_word' id='word_1_27' title='bbox 1271 1159 1365 1223; x_wconf 91' lang='lat' dir='ltr'>aliter</span> 
     </span>
     <span class='ocr_line' id='line_1_5' title="bbox 223 1261 1365 1346; baseline -0.004 -17"><span class='ocrx_word' id='word_1_28' title='bbox 223 1265 322 1329; x_wconf 88' lang='lat' dir='ltr'>cliens</span> <span class='ocrx_word' id='word_1_29' title='bbox 343 1265 454 1328; x_wconf 92' lang='lat' dir='ltr'>laudat</span> <span class='ocrx_word' id='word_1_30' title='bbox 475 1264 635 1346; x_wconf 80' lang='lat' dir='ltr'>vocatus²,</span> <span class='ocrx_word' id='word_1_31' title='bbox 661 1263 753 1327; x_wconf 89' lang='lat' dir='ltr'>aliter</span> <span class='ocrx_word' id='word_1_32' title='bbox 776 1262 896 1325; x_wconf 90' lang='lat' dir='ltr'>amicus</span> <span class='ocrx_word' id='word_1_33' title='bbox 919 1262 1053 1345; x_wconf 64' lang='lat' dir='ltr'>legator</span> <span class='ocrx_word' id='word_1_34' title='bbox 1068 1261 1252 1325; x_wconf 80' lang='lat' dir='ltr'>honoratus</span> <span class='ocrx_word' id='word_1_35' title='bbox 1282 1261 1365 1336; x_wconf 79' lang='lat' dir='ltr'>Quid</span> 
     </span>
     <span class='ocr_line' id='line_1_6' title="bbox 221 1363 1364 1449; baseline -0.003 -19"><span class='ocrx_word' id='word_1_36' title='bbox 221 1366 362 1430; x_wconf 86' lang='lat' dir='ltr'>incertas</span> <span class='ocrx_word' id='word_1_37' title='bbox 385 1369 418 1429; x_wconf 88' lang='lat' dir='ltr'>et</span> <span class='ocrx_word' id='word_1_38' title='bbox 439 1386 609 1449; x_wconf 89' lang='lat' dir='ltr'>suspensas</span> <span class='ocrx_word' id='word_1_39' title='bbox 633 1365 782 1448; x_wconf 84' lang='lat' dir='ltr'>exequias</span> <span class='ocrx_word' id='word_1_40' title='bbox 799 1363 892 1448; x_wconf 80' lang='lat' dir='ltr'>agis?</span> <span class='ocrx_word' id='word_1_41' title='bbox 926 1363 1078 1427; x_wconf 89' lang='lat' dir='ltr'><strong>Omnium</strong></span> <span class='ocrx_word' id='word_1_42' title='bbox 1101 1363 1280 1426; x_wconf 84' lang='lat' dir='ltr'>animanmr</span> <span class='ocrx_word' id='word_1_43' title='bbox 1302 1368 1364 1427; x_wconf 91' lang='lat' dir='ltr'>sta-</span> 
     </span>
     <span class='ocr_line' id='line_1_7' title="bbox 221 1466 1365 1551; baseline -0.001 -22"><span class='ocrx_word' id='word_1_44' title='bbox 221 1467 281 1530; x_wconf 84' lang='lat' dir='ltr'>tim</span> <span class='ocrx_word' id='word_1_45' title='bbox 302 1470 376 1551; x_wconf 90' lang='lat' dir='ltr'>post</span> <span class='ocrx_word' id='word_1_46' title='bbox 397 1469 534 1530; x_wconf 87' lang='lat' dir='ltr'>mortem</span> <span class='ocrx_word' id='word_1_47' title='bbox 555 1466 715 1529; x_wconf 84' lang='lat' dir='ltr'>hereditas</span> <span class='ocrx_word' id='word_1_48' title='bbox 739 1470 889 1529; x_wconf 86' lang='lat' dir='ltr'>cernatur</span> <span class='ocrx_word' id='word_1_49' title='bbox 906 1514 1211 1528; x_wconf 88' lang='grc'><strong>..........</strong></span> <span class='ocrx_word' id='word_1_50' title='bbox 1221 1478 1244 1528; x_wconf 80' lang='grc'>’.</span> <span class='ocrx_word' id='word_1_51' title='bbox 1271 1515 1278 1529; x_wconf 88' lang='grc'><strong>.</strong></span> <span class='ocrx_word' id='word_1_52' title='bbox 1304 1515 1312 1529; x_wconf 94' lang='grc'><strong>.</strong></span> <span class='ocrx_word' id='word_1_53' title='bbox 1337 1467 1365 1529; x_wconf 77' lang='lat'>‚⁴</span> 
     </span>
     <span class='ocr_line' id='line_1_8' title="bbox 221 1566 1365 1650; baseline 0 -19"><span class='ocrx_word' id='word_1_54' title='bbox 221 1568 388 1631; x_wconf 89' lang='lat' dir='ltr'>hominum</span> <span class='ocrx_word' id='word_1_55' title='bbox 415 1568 575 1631; x_wconf 72' lang='lat' dir='ltr'>hereditas</span> <span class='ocrx_word' id='word_1_56' title='bbox 597 1569 671 1650; x_wconf 90' lang='lat' dir='ltr'>post</span> <span class='ocrx_word' id='word_1_57' title='bbox 694 1570 830 1629; x_wconf 82' lang='lat' dir='ltr'>mortem</span> <span class='ocrx_word' id='word_1_58' title='bbox 853 1566 944 1649; x_wconf 74' lang='lat' dir='ltr'>lege⁵</span> <span class='ocrx_word' id='word_1_59' title='bbox 973 1566 1114 1628; x_wconf 84' lang='lat' dir='ltr'>defertur</span> <span class='ocrx_word' id='word_1_60' title='bbox 1136 1567 1365 1650; x_wconf 65' lang='lat' dir='ltr'>praedonibus,</span> 
     </span>
     <span class='ocr_line' id='line_1_9' title="bbox 222 1659 1317 1753; baseline -0.007 -21"><span class='ocrx_word' id='word_1_61' title='bbox 222 1691 260 1733; x_wconf 86' lang='lat' dir='ltr'>ea</span> <span class='ocrx_word' id='word_1_62' title='bbox 282 1672 356 1752; x_wconf 84' lang='lat' dir='ltr'>post</span> <span class='ocrx_word' id='word_1_63' title='bbox 377 1669 580 1753; x_wconf 74' lang='lat' dir='ltr'>plangitur.“</span> <span class='ocrx_word' id='word_1_64' title='bbox 1252 1745 1255 1750; x_wconf 25' lang='grc' dir='ltr'>Ι</span> <span class='ocrx_word' id='word_1_65' title='bbox 1308 1659 1317 1724; x_wconf 80' lang='grc'>.’</span> 
     </span>
     <span class='ocr_line' id='line_1_10' title="bbox 306 1768 1365 1853; baseline 0.002 -20"><span class='ocrx_word' id='word_1_66' title='bbox 306 1769 389 1833; x_wconf 90' lang='lat' dir='ltr'>Puto</span> <span class='ocrx_word' id='word_1_67' title='bbox 416 1774 520 1834; x_wconf 90' lang='lat' dir='ltr'>totum</span> <span class='ocrx_word' id='word_1_68' title='bbox 548 1770 711 1853; x_wconf 79' lang='lat' dir='ltr'>descripsi.</span> <span class='ocrx_word' id='word_1_69' title='bbox 756 1768 840 1844; x_wconf 69' lang='lat' dir='ltr'>Quid</span> <span class='ocrx_word' id='word_1_70' title='bbox 867 1790 944 1853; x_wconf 86' lang='lat' dir='ltr'>ergo</span> <span class='ocrx_word' id='word_1_71' title='bbox 972 1769 1118 1832; x_wconf 82' lang='lat' dir='ltr'>facerent</span> <span class='ocrx_word' id='word_1_72' title='bbox 1145 1771 1228 1852; x_wconf 89' lang='lat' dir='ltr'>quod</span> <span class='ocrx_word' id='word_1_73' title='bbox 1261 1775 1365 1835; x_wconf 85' lang='lat' dir='ltr'>totum</span> 
     </span>
     <span class='ocr_line' id='line_1_11' title="bbox 223 1869 1364 1955; baseline 0.001 -20"><span class='ocrx_word' id='word_1_74' title='bbox 223 1893 261 1935; x_wconf 85' lang='lat' dir='ltr'>ac</span> <span class='ocrx_word' id='word_1_75' title='bbox 282 1872 382 1934; x_wconf 73' lang='lat' dir='ltr'>mirel</span> <span class='ocrx_word' id='word_1_76' title='bbox 403 1874 507 1934; x_wconf 91' lang='lat' dir='ltr'>totum</span> <span class='ocrx_word' id='word_1_77' title='bbox 530 1893 670 1935; x_wconf 87' lang='lat' dir='ltr'>amarem</span> <span class='ocrx_word' id='word_1_78' title='bbox 691 1871 856 1954; x_wconf 90' lang='lat' dir='ltr'>hominem</span> <span class='ocrx_word' id='word_1_79' title='bbox 876 1869 1021 1933; x_wconf 72' lang='lat' dir='ltr'>bonum‘l</span> <span class='ocrx_word' id='word_1_80' title='bbox 1051 1869 1131 1933; x_wconf 84' lang='lat' dir='ltr'>Vale</span> <span class='ocrx_word' id='word_1_81' title='bbox 1147 1871 1364 1955; x_wconf 74' lang='lat' dir='ltr'>disertissime,</span> 
     </span>
     <span class='ocr_line' id='line_1_12' title="bbox 223 1972 1363 2055; baseline -0.001 -18"><span class='ocrx_word' id='word_1_82' title='bbox 223 1973 414 2055; x_wconf 87' lang='lat' dir='ltr'>doctissime,</span> <span class='ocrx_word' id='word_1_83' title='bbox 444 1972 524 2036; x_wconf 88' lang='lat' dir='ltr'>mihi</span> <span class='ocrx_word' id='word_1_84' title='bbox 552 1972 724 2054; x_wconf 90' lang='lat' dir='ltr'>carissime,</span> <span class='ocrx_word' id='word_1_85' title='bbox 753 1972 945 2054; x_wconf 83' lang='lat' dir='ltr'>dulcissime,</span> <span class='ocrx_word' id='word_1_86' title='bbox 974 1972 1129 2055; x_wconf 81' lang='lat' dir='ltr'>magister</span> <span class='ocrx_word' id='word_1_87' title='bbox 1154 1972 1363 2055; x_wconf 83' lang='lat' dir='ltr'>optatissime,</span> 
     </span>
     <span class='ocr_line' id='line_1_13' title="bbox 224 2072 1365 2137; baseline 0.001 -1"><span class='ocrx_word' id='word_1_88' title='bbox 224 2074 326 2137; x_wconf 87' lang='lat' dir='ltr'>amice</span> <span class='ocrx_word' id='word_1_89' title='bbox 348 2074 668 2137; x_wconf 84' lang='lat' dir='ltr'>desiderantissime⁷.</span> <span class='ocrx_word' id='word_1_90' title='bbox 713 2072 869 2136; x_wconf 88' lang='lat' dir='ltr'>Horatius</span> <span class='ocrx_word' id='word_1_91' title='bbox 898 2094 970 2136; x_wconf 91' lang='lat' dir='ltr'>cum</span> <span class='ocrx_word' id='word_1_92' title='bbox 991 2072 1123 2135; x_wconf 92' lang='lat' dir='ltr'>Polione</span> <span class='ocrx_word' id='word_1_93' title='bbox 1145 2072 1243 2135; x_wconf 78' lang='lat' dir='ltr'>mihiS</span> <span class='ocrx_word' id='word_1_94' title='bbox 1266 2096 1365 2137; x_wconf 90' lang='lat' dir='ltr'>emor-</span> 
     </span>
     <span class='ocr_line' id='line_1_14' title="bbox 223 2172 1436 2259; baseline 0.001 -22"><span class='ocrx_word' id='word_1_95' title='bbox 223 2178 298 2237; x_wconf 87' lang='lat' dir='ltr'>tuus</span> <span class='ocrx_word' id='word_1_96' title='bbox 320 2177 379 2238; x_wconf 90' lang='lat' dir='ltr'>est.</span> <span class='ocrx_word' id='word_1_97' title='bbox 424 2174 462 2237; x_wconf 93' lang='lat' dir='ltr'>Id</span> <span class='ocrx_word' id='word_1_98' title='bbox 482 2173 645 2253; x_wconf 83' lang='lat' dir='ltr'>Herodes⁹</span> <span class='ocrx_word' id='word_1_99' title='bbox 671 2196 739 2237; x_wconf 92' lang='lat' dir='ltr'>non</span> <span class='ocrx_word' id='word_1_100' title='bbox 768 2196 868 2259; x_wconf 90' lang='lat' dir='ltr'>aequo</span> <span class='ocrx_word' id='word_1_101' title='bbox 895 2174 961 2237; x_wconf 86' lang='lat' dir='ltr'>fert</span> <span class='ocrx_word' id='word_1_102' title='bbox 983 2174 1100 2237; x_wconf 85' lang='lat' dir='ltr'>anime.</span> <span class='ocrx_word' id='word_1_103' title='bbox 1144 2172 1226 2237; x_wconf 90' lang='lat' dir='ltr'>Volo</span> <span class='ocrx_word' id='word_1_104' title='bbox 1255 2179 1291 2238; x_wconf 90' lang='lat' dir='ltr'>ut</span> <span class='ocrx_word' id='word_1_105' title='bbox 1318 2176 1365 2239; x_wconf 90' lang='lat' dir='ltr'>illi</span> <span class='ocrx_word' id='word_1_106' title='bbox 1434 2226 1436 2228; x_wconf 86' lang='lat'>.</span> 
     </span>
     <span class='ocr_line' id='line_1_15' title="bbox 225 2275 1365 2359; baseline 0.002 -21"><span class='ocrx_word' id='word_1_107' title='bbox 225 2275 344 2359; x_wconf 91' lang='lat' dir='ltr'>aliquid</span> <span class='ocrx_word' id='word_1_108' title='bbox 366 2275 449 2359; x_wconf 92' lang='lat' dir='ltr'>quod</span> <span class='ocrx_word' id='word_1_109' title='bbox 471 2276 511 2338; x_wconf 88' lang='lat' dir='ltr'>ad</span> <span class='ocrx_word' id='word_1_110' title='bbox 533 2275 617 2350; x_wconf 85' lang='lat' dir='ltr'>hanc</span> <span class='ocrx_word' id='word_1_111' title='bbox 639 2297 707 2339; x_wconf 90' lang='lat' dir='ltr'>rem</span> <span class='ocrx_word' id='word_1_112' title='bbox 729 2277 868 2338; x_wconf 84' lang='lat' dir='ltr'>attineat</span> <span class='ocrx_word' id='word_1_113' title='bbox 893 2280 1069 2358; x_wconf 90' lang='lat' dir='ltr'>paucorum</span> <span class='ocrx_word' id='word_1_114' title='bbox 1097 2275 1267 2338; x_wconf 79' lang='lat' dir='ltr'>verborum</span> <span class='ocrx_word' id='word_1_115' title='bbox 1290 2279 1365 2340; x_wconf 89' lang='lat' dir='ltr'>scri-</span> 
     </span>
     <span class='ocr_line' id='line_1_16' title="bbox 224 2374 570 2459; baseline 0.006 -21"><span class='ocrx_word' id='word_1_116' title='bbox 224 2376 293 2439; x_wconf 90' lang='lat' dir='ltr'>bas.</span> <span class='ocrx_word' id='word_1_117' title='bbox 337 2374 468 2459; x_wconf 83' lang='lat' dir='ltr'>Semper</span> <span class='ocrx_word' id='word_1_118' title='bbox 490 2376 570 2440; x_wconf 88' lang='lat' dir='ltr'>vale.</span> 
     </span>
    </p>
   </div>
   <div class='ocr_carea' id='block_1_3' title="bbox 607 2512 998 2594">
    <p class='ocr_par' dir='ltr' id='par_1_3' title="bbox 607 2512 998 2594">
     <span class='ocr_line' id='line_1_17' title="bbox 607 2512 998 2594; baseline 0 -17"><span class='ocrx_word' id='word_1_119' title='bbox 607 2512 690 2578; x_wconf 83' lang='lat' dir='ltr'>VII.</span> <span class='ocrx_word' id='word_1_120' title='bbox 720 2512 873 2594; x_wconf 86' lang='lat' dir='ltr'>Domino</span> <span class='ocrx_word' id='word_1_121' title='bbox 895 2512 998 2577; x_wconf 77' lang='lat' dir='ltr'>Meoe</span> 
     </span>
    </p>
   </div>
   <div class='ocr_carea' id='block_1_4' title="bbox 309 2630 1366 2715">
    <p class='ocr_par' dir='ltr' id='par_1_4' title="bbox 309 2630 1366 2715">
     <span class='ocr_line' id='line_1_18' title="bbox 309 2630 1366 2715; baseline 0.004 -22"><span class='ocrx_word' id='word_1_122' title='bbox 309 2630 441 2714; x_wconf 80' lang='lat' dir='ltr'>Accepi,</span> <span class='ocrx_word' id='word_1_123' title='bbox 466 2631 591 2714; x_wconf 89' lang='lat' dir='ltr'>Caesar,</span> <span class='ocrx_word' id='word_1_124' title='bbox 616 2632 740 2695; x_wconf 86' lang='lat' dir='ltr'>litteras</span> <span class='ocrx_word' id='word_1_125' title='bbox 762 2635 845 2714; x_wconf 85' lang='lat' dir='ltr'>tuas,</span> <span class='ocrx_word' id='word_1_126' title='bbox 873 2632 987 2715; x_wconf 87' lang='lat' dir='ltr'>quibus</span> <span class='ocrx_word' id='word_1_127' title='bbox 1009 2634 1129 2715; x_wconf 86' lang='lat' dir='ltr'>quanto</span> <span class='ocrx_word' id='word_1_128' title='bbox 1151 2653 1246 2713; x_wconf 91' lang='lat' dir='ltr'>opere</span> <span class='ocrx_word' id='word_1_129' title='bbox 1267 2633 1366 2697; x_wconf 89' lang='lat' dir='ltr'>laeta-</span> 
     </span>
    </p>
   </div>
   <div class='ocr_carea' id='block_1_5' title="bbox 224 2781 1368 3192">
    <p class='ocr_par' dir='ltr' id='par_1_5' title="bbox 224 2781 1368 3192">
     <span class='ocr_line' id='line_1_19' title="bbox 311 2781 1368 2853; baseline 0.004 -16"><span class='ocrx_word' id='word_1_130' title='bbox 311 2790 325 2837; x_wconf 86' lang='lat'>1</span> <span class='ocrx_word' id='word_1_131' title='bbox 342 2783 455 2838; x_wconf 87' lang='lat' dir='ltr'>Uncinis</span> <span class='ocrx_word' id='word_1_132' title='bbox 471 2783 579 2838; x_wconf 88' lang='lat' dir='ltr'>inclusa</span> <span class='ocrx_word' id='word_1_133' title='bbox 595 2783 706 2853; x_wconf 89' lang='lat' dir='ltr'>reposui</span> <span class='ocrx_word' id='word_1_134' title='bbox 724 2784 758 2837; x_wconf 91' lang='lat' dir='ltr'>de</span> <span class='ocrx_word' id='word_1_135' title='bbox 777 2784 936 2838; x_wconf 88' lang='lat' dir='ltr'>coniectura</span> <span class='ocrx_word' id='word_1_136' title='bbox 947 2800 1003 2836; x_wconf 92' lang='lat' dir='ltr'>non</span> <span class='ocrx_word' id='word_1_137' title='bbox 1016 2781 1166 2837; x_wconf 89' lang='lat' dir='ltr'>admodum</span> <span class='ocrx_word' id='word_1_138' title='bbox 1179 2788 1262 2839; x_wconf 84' lang='lat' dir='ltr'>certa.</span> <span class='ocrx_word' id='word_1_139' title='bbox 1291 2786 1368 2841; x_wconf 88' lang='lat' dir='ltr'>Haec</span> 
     </span>
     <span class='ocr_line' id='line_1_20' title="bbox 224 2866 1348 2939; baseline 0.004 -18"><span class='ocrx_word' id='word_1_140' title='bbox 224 2870 283 2922; x_wconf 91' lang='lat' dir='ltr'>fere</span> <span class='ocrx_word' id='word_1_141' title='bbox 302 2868 509 2937; x_wconf 81' lang='lat' dir='ltr'>distinguuntur</span> <span class='ocrx_word' id='word_1_142' title='bbox 526 2868 555 2921; x_wconf 93' lang='lat' dir='ltr'>in</span> <span class='ocrx_word' id='word_1_143' title='bbox 574 2867 685 2921; x_wconf 83' lang='lat' dir='ltr'>Codice:</span> <span class='ocrx_word' id='word_1_144' title='bbox 704 2867 848 2922; x_wconf 82' lang='lat' dir='ltr'>AIOICUE</span> <span class='ocrx_word' id='word_1_145' title='bbox 861 2899 878 2921; x_wconf 92' lang='lat'>-.</span> <span class='ocrx_word' id='word_1_146' title='bbox 914 2868 1015 2936; x_wconf 89' lang='lat' dir='ltr'>Incipit</span> <span class='ocrx_word' id='word_1_147' title='bbox 1033 2866 1099 2921; x_wconf 91' lang='lat' dir='ltr'>Cod.</span> <span class='ocrx_word' id='word_1_148' title='bbox 1119 2869 1246 2923; x_wconf 88' lang='lat' dir='ltr'>Ambros.</span> <span class='ocrx_word' id='word_1_149' title='bbox 1265 2888 1292 2939; x_wconf 92' lang='lat' dir='ltr'>p.</span> <span class='ocrx_word' id='word_1_150' title='bbox 1307 2877 1348 2925; x_wconf 79' lang='lat'>58.</span> 
     </span>
     <span class='ocr_line' id='line_1_21' title="bbox 310 2943 1137 3008; baseline 0.004 -2"><span class='ocrx_word' id='word_1_151' title='bbox 310 2958 325 3006; x_wconf 76' lang='lat'><strong>2</strong></span> <span class='ocrx_word' id='word_1_152' title='bbox 344 2951 449 3007; x_wconf 81' lang='lat' dir='ltr'>Codex:</span> <span class='ocrx_word' id='word_1_153' title='bbox 467 2946 641 3008; x_wconf 80' lang='lat' dir='ltr'>lundaiicatus.</span> <span class='ocrx_word' id='word_1_154' title='bbox 1135 2943 1137 2946; x_wconf 79' lang='lat'>.</span> 
     </span>
     <span class='ocr_line' id='line_1_22' title="bbox 310 3036 1368 3106; baseline 0.002 -14"><span class='ocrx_word' id='word_1_155' title='bbox 310 3044 326 3092; x_wconf 86' lang='grc'>3</span> <span class='ocrx_word' id='word_1_156' title='bbox 345 3036 437 3090; x_wconf 84' lang='lat' dir='ltr'>Codex</span> <span class='ocrx_word' id='word_1_157' title='bbox 455 3044 531 3106; x_wconf 73' lang='lat' dir='ltr'>rapat.</span> <span class='ocrx_word' id='word_1_158' title='bbox 564 3037 689 3092; x_wconf 83' lang='lat' dir='ltr'>Correxit</span> <span class='ocrx_word' id='word_1_159' title='bbox 706 3038 847 3092; x_wconf 91' lang='lat' dir='ltr'>Vahlenus</span> <span class='ocrx_word' id='word_1_160' title='bbox 866 3038 959 3106; x_wconf 88' lang='lat' dir='ltr'>quiin</span> <span class='ocrx_word' id='word_1_161' title='bbox 978 3037 1210 3091; x_wconf 84' lang='lat' dir='ltr'>commentatione</span> <span class='ocrx_word' id='word_1_162' title='bbox 1224 3040 1258 3093; x_wconf 90' lang='lat' dir='ltr'>de</span> <span class='ocrx_word' id='word_1_163' title='bbox 1267 3041 1368 3094; x_wconf 87' lang='lat' dir='ltr'>Naevii</span> 
     </span>
     <span class='ocr_line' id='line_1_23' title="bbox 225 3121 1367 3192; baseline 0.004 -17"><span class='ocrx_word' id='word_1_164' title='bbox 225 3121 350 3190; x_wconf 88' lang='lat' dir='ltr'>reliquiis</span> <span class='ocrx_word' id='word_1_165' title='bbox 366 3129 420 3191; x_wconf 70' lang='lat' dir='ltr'>p?</span> <span class='ocrx_word' id='word_1_166' title='bbox 439 3123 590 3177; x_wconf 86' lang='lat' dir='ltr'>admodum</span> <span class='ocrx_word' id='word_1_167' title='bbox 606 3123 748 3192; x_wconf 85' lang='lat' dir='ltr'>ingeniose</span> <span class='ocrx_word' id='word_1_168' title='bbox 766 3123 928 3191; x_wconf 84' lang='lat' dir='ltr'>scripserat:</span> <span class='ocrx_word' id='word_1_169' title='bbox 951 3127 990 3174; x_wconf 80' lang='lat' dir='ltr'>De</span> <span class='ocrx_word' id='word_1_170' title='bbox 1011 3126 1103 3187; x_wconf 77' lang='lat' dir='ltr'>feruere</span> <span class='ocrx_word' id='word_1_171' title='bbox 1121 3134 1203 3176; x_wconf 82' lang='lat' dir='ltr'>autem</span> <span class='ocrx_word' id='word_1_172' title='bbox 1220 3130 1282 3178; x_wconf 76' lang='lat' dir='ltr'>niti!</span> <span class='ocrx_word' id='word_1_173' title='bbox 1298 3148 1367 3179; x_wconf 76' lang='grc'><strong>111111-</strong></span> 
     </span>
    </p>
   </div>
   <div class='ocr_carea' id='block_1_6' title="bbox 226 3213 1476 3277">
    <p class='ocr_par' dir='ltr' id='par_1_6' title="bbox 226 3213 1476 3277">
     <span class='ocr_line' id='line_1_24' title="bbox 226 3213 1476 3277; baseline 0.003 -16"><span class='ocrx_word' id='word_1_174' title='bbox 226 3213 327 3261; x_wconf 76' lang='lat' dir='ltr'>demus:</span> <span class='ocrx_word' id='word_1_175' title='bbox 347 3213 449 3274; x_wconf 72' lang='lat' dir='ltr'>saints.</span> <span class='ocrx_word' id='word_1_176' title='bbox 470 3229 493 3277; x_wconf 87' lang='lat' dir='ltr'>q.</span> <span class='ocrx_word' id='word_1_177' title='bbox 512 3213 635 3262; x_wconf 82' lang='lat' dir='ltr'>dominum</span> <span class='ocrx_word' id='word_1_178' title='bbox 652 3215 751 3275; x_wconf 75' lang='lat' dir='ltr'>lupeut:</span> <span class='ocrx_word' id='word_1_179' title='bbox 773 3228 798 3264; x_wconf 86' lang='grc'>1.</span> <span class='ocrx_word' id='word_1_180' title='bbox 813 3229 841 3274; x_wconf 84' lang='lat' dir='ltr'>p.</span> <span class='ocrx_word' id='word_1_181' title='bbox 859 3227 880 3263; x_wconf 85' lang='lat' dir='ltr'>s.</span> <span class='ocrx_word' id='word_1_182' title='bbox 900 3228 945 3273; x_wconf 75' lang='lat' dir='ltr'>na,</span> <span class='ocrx_word' id='word_1_183' title='bbox 963 3228 987 3263; x_wconf 87' lang='grc'>1.</span> <span class='ocrx_word' id='word_1_184' title='bbox 1007 3213 1085 3260; x_wconf 81' lang='lat' dir='ltr'>cliens</span> <span class='ocrx_word' id='word_1_185' title='bbox 1107 3214 1260 3276; x_wconf 75' lang='lat' dir='ltr'>adoptatus,</span> <span class='ocrx_word' id='word_1_186' title='bbox 1290 3218 1369 3264; x_wconf 80' lang='lat' dir='ltr'>aliter</span> <span class='ocrx_word' id='word_1_187' title='bbox 1469 3257 1476 3270; x_wconf 89' lang='grc'>,</span> 
     </span>
    </p>
   </div>
   <div class='ocr_carea' id='block_1_7' title="bbox 226 3291 1368 3941">
    <p class='ocr_par' dir='ltr' id='par_1_7' title="bbox 226 3291 1368 3941">
     <span class='ocr_line' id='line_1_25' title="bbox 226 3291 1368 3360; baseline 0.004 -16"><span class='ocrx_word' id='word_1_188' title='bbox 226 3298 320 3346; x_wconf 67' lang='lat' dir='ltr'>aazias</span> <span class='ocrx_word' id='word_1_189' title='bbox 337 3299 420 3360; x_wconf 71' lang='lat' dir='ltr'>[epate</span> <span class='ocrx_word' id='word_1_190' title='bbox 438 3297 599 3355; x_wconf 67' lang='lat' dir='ltr'>honoratus„</span> <span class='ocrx_word' id='word_1_191' title='bbox 623 3293 697 3347; x_wconf 89' lang='lat' dir='ltr'>laud.</span> <span class='ocrx_word' id='word_1_192' title='bbox 717 3292 835 3346; x_wconf 86' lang='lat' dir='ltr'>Callistr.</span> <span class='ocrx_word' id='word_1_193' title='bbox 854 3291 917 3360; x_wconf 85' lang='lat' dir='ltr'>Dig.</span> <span class='ocrx_word' id='word_1_194' title='bbox 931 3297 971 3345; x_wconf 86' lang='lat'>48.</span> <span class='ocrx_word' id='word_1_195' title='bbox 990 3298 1082 3345; x_wconf 82' lang='grc'><strong>1015.</strong></span> <span class='ocrx_word' id='word_1_196' title='bbox 1122 3292 1198 3346; x_wconf 91' lang='lat' dir='ltr'>Nihil</span> <span class='ocrx_word' id='word_1_197' title='bbox 1220 3295 1316 3349; x_wconf 87' lang='lat' dir='ltr'>tamen</span> <span class='ocrx_word' id='word_1_198' title='bbox 1339 3296 1368 3348; x_wconf 90' lang='lat' dir='ltr'>in</span> 
     </span>
     <span class='ocr_line' id='line_1_26' title="bbox 226 3376 763 3446; baseline 0.007 -18"><span class='ocrx_word' id='word_1_199' title='bbox 226 3376 269 3429; x_wconf 87' lang='lat' dir='ltr'>his</span> <span class='ocrx_word' id='word_1_200' title='bbox 286 3392 399 3446; x_wconf 87' lang='lat' dir='ltr'>prorsus</span> <span class='ocrx_word' id='word_1_201' title='bbox 418 3380 524 3431; x_wconf 88' lang='lat' dir='ltr'>certum</span> <span class='ocrx_word' id='word_1_202' title='bbox 541 3379 654 3446; x_wconf 89' lang='lat' dir='ltr'>praeter</span> <span class='ocrx_word' id='word_1_203' title='bbox 671 3384 763 3444; x_wconf 75' lang='lat' dir='ltr'>lepato.</span> 
     </span>
     <span class='ocr_line' id='line_1_27' title="bbox 310 3461 920 3515; baseline -0.002 -1"><span class='ocrx_word' id='word_1_204' title='bbox 310 3467 328 3514; x_wconf 88' lang='lat'>4</span> <span class='ocrx_word' id='word_1_205' title='bbox 343 3461 395 3514; x_wconf 92' lang='lat' dir='ltr'>Hic</span> <span class='ocrx_word' id='word_1_206' title='bbox 411 3461 499 3515; x_wconf 91' lang='lat' dir='ltr'>Maius</span> <span class='ocrx_word' id='word_1_207' title='bbox 516 3462 574 3515; x_wconf 89' lang='lat' dir='ltr'>fere</span> <span class='ocrx_word' id='word_1_208' title='bbox 592 3461 660 3514; x_wconf 92' lang='lat' dir='ltr'>nihil</span> <span class='ocrx_word' id='word_1_209' title='bbox 677 3461 755 3515; x_wconf 86' lang='lat' dir='ltr'>vidit.</span> <span class='ocrx_word' id='word_1_210' title='bbox 783 3463 819 3515; x_wconf 90' lang='lat' dir='ltr'>du</span> <span class='ocrx_word' id='word_1_211' title='bbox 837 3461 920 3514; x_wconf 80' lang='lat' dir='ltr'>Rieu:</span> 
     </span>
     <span class='ocr_line' id='line_1_28' title="bbox 714 3545 833 3600; baseline -0.017 0"><span class='ocrx_word' id='word_1_212' title='bbox 714 3545 833 3600; x_wconf 83' lang='lat' dir='ltr'>CERNA</span> 
     </span>
     <span class='ocr_line' id='line_1_29' title="bbox 496 3615 935 3686; baseline -0.011 -2"><span class='ocrx_word' id='word_1_213' title='bbox 496 3631 812 3686; x_wconf 80' lang='grc'><strong>1110111111111.</strong></span> <span class='ocrx_word' id='word_1_214' title='bbox 829 3673 834 3682; x_wconf 95' lang='grc'>.</span> <span class='ocrx_word' id='word_1_215' title='bbox 849 3673 854 3682; x_wconf 91' lang='grc'><strong><em>.</em></strong></span> <span class='ocrx_word' id='word_1_216' title='bbox 871 3674 875 3682; x_wconf 92' lang='grc'><em>.</em></span> <span class='ocrx_word' id='word_1_217' title='bbox 890 3615 935 3682; x_wconf 75' lang='lat' dir='ltr'>co</span> 
     </span>
     <span class='ocr_line' id='line_1_30' title="bbox 497 3715 804 3769; baseline -0.003 -1"><span class='ocrx_word' id='word_1_218' title='bbox 497 3715 804 3769; x_wconf 78' lang='lat' dir='ltr'>TRAINTERFICIET</span> 
     </span>
     <span class='ocr_line' id='line_1_31' title="bbox 496 3799 892 3854; baseline -0.003 -2"><span class='ocrx_word' id='word_1_219' title='bbox 496 3799 831 3854; x_wconf 79' lang='lat' dir='ltr'>EBUSUNGUESTECN</span> <span class='ocrx_word' id='word_1_220' title='bbox 845 3843 850 3852; x_wconf 89' lang='lat'>.</span> <span class='ocrx_word' id='word_1_221' title='bbox 866 3843 871 3852; x_wconf 87' lang='lat'>.</span> <span class='ocrx_word' id='word_1_222' title='bbox 887 3843 892 3851; x_wconf 91' lang='lat'>.</span> 
     </span>
     <span class='ocr_line' id='line_1_32' title="bbox 496 3884 1044 3941; baseline -0.004 -5"><span class='ocrx_word' id='word_1_223' title='bbox 496 3884 854 3941; x_wconf 71' lang='lat' dir='ltr'>AUIB·PINNAE0100J.</span> <span class='ocrx_word' id='word_1_224' title='bbox 871 3927 875 3937; x_wconf 91' lang='lat'>.</span> <span class='ocrx_word' id='word_1_225' title='bbox 891 3925 896 3936; x_wconf 95' lang='lat'>.</span> <span class='ocrx_word' id='word_1_226' title='bbox 916 3889 1044 3937; x_wconf 79' lang='grc'><strong>1011111111.</strong></span> 
     </span>
    </p>
   </div>
   <div class='ocr_carea' id='block_1_8' title="bbox 227 3983 1368 4900">
    <p class='ocr_par' dir='ltr' id='par_1_8' title="bbox 312 3983 785 4050">
     <span class='ocr_line' id='line_1_33' title="bbox 312 3983 785 4050; baseline 0.002 -12"><span class='ocrx_word' id='word_1_227' title='bbox 312 3991 328 4038; x_wconf 81' lang='lat'>5</span> <span class='ocrx_word' id='word_1_228' title='bbox 346 3984 450 4039; x_wconf 87' lang='lat' dir='ltr'>Codex:</span> <span class='ocrx_word' id='word_1_229' title='bbox 469 3983 564 4050; x_wconf 82' lang='lat' dir='ltr'>ACEI,</span> <span class='ocrx_word' id='word_1_230' title='bbox 583 3987 614 4038; x_wconf 89' lang='lat' dir='ltr'>ut</span> <span class='ocrx_word' id='word_1_231' title='bbox 630 3986 785 4039; x_wconf 85' lang='lat' dir='ltr'>videbatur.</span> 
     </span>
    </p>

    <p class='ocr_par' dir='ltr' id='par_1_9' title="bbox 313 4062 1309 4138">
     <span class='ocr_line' id='line_1_34' title="bbox 313 4062 1309 4138; baseline 0.004 -17"><span class='ocrx_word' id='word_1_232' title='bbox 313 4074 328 4121; x_wconf 87' lang='grc'><strong>6</strong></span> <span class='ocrx_word' id='word_1_233' title='bbox 346 4069 450 4123; x_wconf 87' lang='lat' dir='ltr'>Codex:</span> <span class='ocrx_word' id='word_1_234' title='bbox 469 4062 634 4126; x_wconf 61' lang='lat' dir='ltr'>(Oleniae.</span> <span class='ocrx_word' id='word_1_235' title='bbox 671 4072 695 4123; x_wconf 88' lang='lat' dir='ltr'>A</span> <span class='ocrx_word' id='word_1_236' title='bbox 714 4076 844 4138; x_wconf 85' lang='lat' dir='ltr'>corrupto</span> <span class='ocrx_word' id='word_1_237' title='bbox 863 4070 923 4124; x_wconf 91' lang='lat' dir='ltr'>loco</span> <span class='ocrx_word' id='word_1_238' title='bbox 941 4070 1025 4122; x_wconf 89' lang='lat' dir='ltr'>malui</span> <span class='ocrx_word' id='word_1_239' title='bbox 1045 4071 1184 4123; x_wconf 88' lang='lat' dir='ltr'>abstinere</span> <span class='ocrx_word' id='word_1_240' title='bbox 1203 4089 1309 4125; x_wconf 85' lang='lat' dir='ltr'>manus.</span> 
     </span>
    </p>

    <p class='ocr_par' dir='ltr' id='par_1_10' title="bbox 228 4153 1367 4390">
     <span class='ocr_line' id='line_1_35' title="bbox 313 4153 1367 4224; baseline 0 -16"><span class='ocrx_word' id='word_1_241' title='bbox 313 4160 327 4207; x_wconf 82' lang='grc'><strong>7</strong></span> <span class='ocrx_word' id='word_1_242' title='bbox 345 4153 430 4223; x_wconf 87' lang='lat' dir='ltr'>Vulgi</span> <span class='ocrx_word' id='word_1_243' title='bbox 448 4153 547 4208; x_wconf 86' lang='lat' dir='ltr'>vitiosa</span> <span class='ocrx_word' id='word_1_244' title='bbox 564 4154 766 4223; x_wconf 89' lang='lat' dir='ltr'>pronunciatio.</span> <span class='ocrx_word' id='word_1_245' title='bbox 800 4154 948 4207; x_wconf 86' lang='lat' dir='ltr'>Frontonis</span> <span class='ocrx_word' id='word_1_246' title='bbox 966 4153 1022 4206; x_wconf 90' lang='lat' dir='ltr'>iam</span> <span class='ocrx_word' id='word_1_247' title='bbox 1041 4156 1133 4208; x_wconf 87' lang='lat' dir='ltr'>aetate</span> <span class='ocrx_word' id='word_1_248' title='bbox 1150 4155 1224 4224; x_wconf 87' lang='lat' dir='ltr'>ipsos</span> <span class='ocrx_word' id='word_1_249' title='bbox 1242 4156 1367 4209; x_wconf 87' lang='lat' dir='ltr'>rhetores</span> 
     </span>
     <span class='ocr_line' id='line_1_36' title="bbox 228 4237 1367 4308; baseline 0.002 -17"><span class='ocrx_word' id='word_1_250' title='bbox 228 4237 297 4291; x_wconf 85' lang='lat' dir='ltr'>adeo</span> <span class='ocrx_word' id='word_1_251' title='bbox 316 4238 446 4292; x_wconf 88' lang='lat' dir='ltr'>mendose</span> <span class='ocrx_word' id='word_1_252' title='bbox 463 4238 580 4292; x_wconf 89' lang='lat' dir='ltr'>verbum</span> <span class='ocrx_word' id='word_1_253' title='bbox 597 4238 748 4308; x_wconf 84' lang='lat' dir='ltr'>scripsisse,</span> <span class='ocrx_word' id='word_1_254' title='bbox 767 4238 835 4290; x_wconf 83' lang='lat' dir='ltr'>milri</span> <span class='ocrx_word' id='word_1_255' title='bbox 852 4238 898 4291; x_wconf 86' lang='lat' dir='ltr'>vix</span> <span class='ocrx_word' id='word_1_256' title='bbox 916 4237 1062 4306; x_wconf 83' lang='lat' dir='ltr'>quisquam</span> <span class='ocrx_word' id='word_1_257' title='bbox 1080 4240 1255 4307; x_wconf 88' lang='lat' dir='ltr'>persuadeat.</span> <span class='ocrx_word' id='word_1_258' title='bbox 1286 4245 1367 4293; x_wconf 82' lang='lat' dir='ltr'>Hein-</span> 
     </span>
     <span class='ocr_line' id='line_1_37' title="bbox 228 4328 330 4390; baseline 0.02 -15"><span class='ocrx_word' id='word_1_259' title='bbox 228 4328 330 4390; x_wconf 79' lang='lat' dir='ltr'>dorfius.</span> 
     </span>
    </p>

    <p class='ocr_par' dir='ltr' id='par_1_11' title="bbox 227 4406 1368 4815">
     <span class='ocr_line' id='line_1_38' title="bbox 312 4406 1368 4478; baseline 0.005 -19"><span class='ocrx_word' id='word_1_260' title='bbox 312 4407 377 4460; x_wconf 86' lang='grc'>811</span> <span class='ocrx_word' id='word_1_261' title='bbox 396 4406 507 4463; x_wconf 85' lang='lat' dir='ltr'>Codice:</span> <span class='ocrx_word' id='word_1_262' title='bbox 528 4412 653 4462; x_wconf 76' lang='lat' dir='ltr'>Horatius</span> <span class='ocrx_word' id='word_1_263' title='bbox 666 4439 696 4447; x_wconf 90' lang='lat'><em>-</em></span> <span class='ocrx_word' id='word_1_264' title='bbox 710 4415 768 4462; x_wconf 74' lang='lat' dir='ltr'>arilei</span> <span class='ocrx_word' id='word_1_265' title='bbox 785 4407 910 4462; x_wconf 88' lang='lat' dir='ltr'>evanida.</span> <span class='ocrx_word' id='word_1_266' title='bbox 939 4409 1058 4478; x_wconf 88' lang='lat' dir='ltr'>Propter</span> <span class='ocrx_word' id='word_1_267' title='bbox 1074 4407 1179 4461; x_wconf 89' lang='lat' dir='ltr'>Maium</span> <span class='ocrx_word' id='word_1_268' title='bbox 1197 4423 1297 4462; x_wconf 91' lang='lat' dir='ltr'>moneo</span> <span class='ocrx_word' id='word_1_269' title='bbox 1314 4410 1368 4464; x_wconf 90' lang='lat' dir='ltr'>hoc</span> 
     </span>
     <span class='ocr_line' id='line_1_39' title="bbox 228 4489 1368 4561; baseline 0.003 -17"><span class='ocrx_word' id='word_1_270' title='bbox 228 4489 382 4561; x_wconf 81' lang='lat' dir='ltr'>significare</span> <span class='ocrx_word' id='word_1_271' title='bbox 399 4493 523 4546; x_wconf 91' lang='lat' dir='ltr'>Marcum</span> <span class='ocrx_word' id='word_1_272' title='bbox 541 4511 569 4546; x_wconf 93' lang='lat' dir='ltr'>sc</span> <span class='ocrx_word' id='word_1_273' title='bbox 589 4493 738 4547; x_wconf 87' lang='lat' dir='ltr'>deseruisse</span> <span class='ocrx_word' id='word_1_274' title='bbox 756 4493 867 4547; x_wconf 87' lang='lat' dir='ltr'>Horatii</span> <span class='ocrx_word' id='word_1_275' title='bbox 885 4493 1013 4551; x_wconf 86' lang='lat' dir='ltr'>studium.</span> <span class='ocrx_word' id='word_1_276' title='bbox 1047 4492 1147 4545; x_wconf 85' lang='lat' dir='ltr'>Confer</span> <span class='ocrx_word' id='word_1_277' title='bbox 1164 4491 1265 4546; x_wconf 86' lang='lat' dir='ltr'>similia</span> <span class='ocrx_word' id='word_1_278' title='bbox 1282 4494 1368 4547; x_wconf 89' lang='lat' dir='ltr'>verba</span> 
     </span>
     <span class='ocr_line' id='line_1_40' title="bbox 227 4575 1367 4644; baseline 0.002 -16"><span class='ocrx_word' id='word_1_279' title='bbox 227 4575 301 4629; x_wconf 89' lang='lat' dir='ltr'>infra</span> <span class='ocrx_word' id='word_1_280' title='bbox 319 4575 405 4644; x_wconf 84' lang='lat' dir='ltr'>Epist.</span> <span class='ocrx_word' id='word_1_281' title='bbox 425 4577 461 4630; x_wconf 91' lang='lat' dir='ltr'>ad</span> <span class='ocrx_word' id='word_1_282' title='bbox 478 4577 514 4631; x_wconf 92' lang='lat' dir='ltr'>M.</span> <span class='ocrx_word' id='word_1_283' title='bbox 529 4576 605 4631; x_wconf 87' lang='lat' dir='ltr'>Caes.</span> <span class='ocrx_word' id='word_1_284' title='bbox 625 4578 658 4630; x_wconf 90' lang='lat' dir='ltr'>ll.</span> <span class='ocrx_word' id='word_1_285' title='bbox 676 4585 713 4632; x_wconf 88' lang='lat'>10.</span> <span class='ocrx_word' id='word_1_286' title='bbox 758 4578 882 4631; x_wconf 91' lang='lat' dir='ltr'>Pollione</span> <span class='ocrx_word' id='word_1_287' title='bbox 900 4596 979 4630; x_wconf 88' lang='lat' dir='ltr'>usum</span> <span class='ocrx_word' id='word_1_288' title='bbox 1002 4593 1061 4628; x_wconf 87' lang='lat' dir='ltr'>csse</span> <span class='ocrx_word' id='word_1_289' title='bbox 1079 4576 1262 4643; x_wconf 84' lang='lat' dir='ltr'>grammatico</span> <span class='ocrx_word' id='word_1_290' title='bbox 1280 4577 1367 4630; x_wconf 86' lang='lat' dir='ltr'>latino</span> 
     </span>
     <span class='ocr_line' id='line_1_41' title="bbox 227 4659 1367 4731; baseline 0.001 -19"><span class='ocrx_word' id='word_1_291' title='bbox 227 4659 263 4713; x_wconf 91' lang='lat' dir='ltr'>M.</span> <span class='ocrx_word' id='word_1_292' title='bbox 275 4660 417 4713; x_wconf 87' lang='lat' dir='ltr'>Aurelium</span> <span class='ocrx_word' id='word_1_293' title='bbox 438 4661 535 4715; x_wconf 89' lang='lat' dir='ltr'>scribit</span> <span class='ocrx_word' id='word_1_294' title='bbox 557 4660 728 4730; x_wconf 87' lang='lat' dir='ltr'>Capitolinus</span> <span class='ocrx_word' id='word_1_295' title='bbox 750 4662 778 4714; x_wconf 91' lang='lat' dir='ltr'>in</span> <span class='ocrx_word' id='word_1_296' title='bbox 800 4662 865 4715; x_wconf 86' lang='lat' dir='ltr'>vita.</span> <span class='ocrx_word' id='word_1_297' title='bbox 906 4661 1042 4714; x_wconf 90' lang='lat' dir='ltr'>Videatur</span> <span class='ocrx_word' id='word_1_298' title='bbox 1059 4659 1195 4731; x_wconf 80' lang='lat' dir='ltr'>Bergkius</span> <span class='ocrx_word' id='word_1_299' title='bbox 1220 4661 1250 4712; x_wconf 90' lang='lat' dir='ltr'>in</span> <span class='ocrx_word' id='word_1_300' title='bbox 1271 4661 1367 4714; x_wconf 88' lang='lat' dir='ltr'>Diario</span> 
     </span>
     <span class='ocr_line' id='line_1_42' title="bbox 227 4743 580 4815; baseline 0.006 -18"><span class='ocrx_word' id='word_1_301' title='bbox 227 4743 369 4812; x_wconf 86' lang='lat' dir='ltr'>Marburg.</span> <span class='ocrx_word' id='word_1_302' title='bbox 390 4750 463 4799; x_wconf 78' lang='lat'>1845.</span> <span class='ocrx_word' id='word_1_303' title='bbox 482 4764 509 4815; x_wconf 89' lang='lat' dir='ltr'>p.</span> <span class='ocrx_word' id='word_1_304' title='bbox 524 4751 580 4800; x_wconf 81' lang='lat'>119.</span> 
     </span>
    </p>

    <p class='ocr_par' dir='ltr' id='par_1_12' title="bbox 312 4826 1090 4900">
     <span class='ocr_line' id='line_1_43' title="bbox 312 4826 1090 4900; baseline 0.001 -19"><span class='ocrx_word' id='word_1_305' title='bbox 312 4834 328 4882; x_wconf 82' lang='grc'><strong>9</strong></span> <span class='ocrx_word' id='word_1_306' title='bbox 346 4826 398 4892; x_wconf 83' lang='lat' dir='ltr'>Qui</span> <span class='ocrx_word' id='word_1_307' title='bbox 414 4829 538 4883; x_wconf 89' lang='lat' dir='ltr'>Marcum</span> <span class='ocrx_word' id='word_1_308' title='bbox 556 4830 592 4884; x_wconf 92' lang='lat' dir='ltr'>ad</span> <span class='ocrx_word' id='word_1_309' title='bbox 610 4848 740 4899; x_wconf 85' lang='lat' dir='ltr'>graecam</span> <span class='ocrx_word' id='word_1_310' title='bbox 759 4832 946 4900; x_wconf 88' lang='lat' dir='ltr'>eloquentiam</span> <span class='ocrx_word' id='word_1_311' title='bbox 963 4829 1090 4884; x_wconf 81' lang='lat' dir='ltr'>instituit.</span> 
     </span>
    </p>
   </div>
   <div class='ocr_carea' id='block_1_9' title="bbox 262 4916 1164 5011">
    <p class='ocr_par' dir='ltr' id='par_1_13' title="bbox 262 4916 1164 5011">
     <span class='ocr_line' id='line_1_44' title="bbox 262 4916 1164 5011; baseline -0.004 -26"><span class='ocrx_word' id='word_1_312' title='bbox 262 4948 362 4986; x_wconf 75' lang='lat' dir='ltr'>PRONT.</span> <span class='ocrx_word' id='word_1_313' title='bbox 376 4949 523 5011; x_wconf 58' lang='lat' dir='ltr'>eranam..</span> <span class='ocrx_word' id='word_1_314' title='bbox 537 4951 627 4988; x_wconf 75' lang='lat' dir='ltr'>amer.</span> <span class='ocrx_word' id='word_1_315' title='bbox 1144 4916 1164 4981; x_wconf 66' lang='grc'><em>2</em></span> 
     </span>
    </p>
   </div>
   <div class='ocr_carea' id='block_1_10' title="bbox 0 0 1661 5950">
    <p class='ocr_par' dir='ltr' id='par_1_14' title="bbox 0 0 1661 5950">
     <span class='ocr_line' id='line_1_45' title="bbox 0 0 1661 5950; baseline 0 0"><span class='ocrx_word' id='word_1_316' title='bbox 0 0 1661 5950; x_wconf 95' lang='lat' dir='ltr'> </span> 
     </span>
    </p>
   </div>
  </div>
 </body>
</html>
