3300 5950
283 788 324 852 58
493 786 529 839 M.
544 784 713 840 CORNELII
731 784 938 839 ERONTONIS
957 784 1211 840 EPISTULARUM

494 1040 638 1105 LIBRI
665 1040 748 1105 IIII
775 1040 842 1103 AD
870 1039 915 1104 M.
939 1039 1214 1106 CAESAREM

782 1191 920 1245 INDEX.

283 1312 419 1377 Quoniam
438 1313 494 1366 scio
513 1312 617 1380 quanto
636 1327 719 1380 opere
735 1311 771 1364 sis
790 1328 836 1365 an·
865 1310 991 1364 Tandem
1007 1310 1170 1364 tabellarius
1188 1311 1377 1379 proficiscitur.

316 1398 384 1451 rius,
864 1396 1022 1449 Adventum
1039 1396 1117 1448 tuum
1134 1395 1202 1447 mihi
1219 1395 1313 1449 frater.

283 1481 458 1548 Quamquam
475 1480 511 1534 ad
529 1482 556 1534 te
576 1497 636 1535 cras
653 1481 743 1535 venio.
865 1479 941 1533 Haec
958 1497 1003 1534 me
1021 1479 1049 1532 in
1067 1479 1234 1548 praesentim.

284 1564 413 1620 Omnium
431 1564 540 1631 artium,
558 1566 589 1618 ut
608 1581 661 1633 ego
680 1566 810 1620 arbitror.
864 1563 1030 1618 Volentibus
1049 1564 1090 1617 dis
1109 1582 1187 1633 spem
1205 1564 1310 1617 salutis.

283 1651 435 1718 Postquam
452 1649 608 1704 vehiculum
624 1649 757 1703 inscendi.
865 1648 903 1701 Ut
921 1665 982 1716 ege,
1001 1648 1039 1701 dii
1056 1648 1131 1714 boni,
1150 1650 1351 1703 consternatae.

282 1735 340 1787 Nos
358 1735 489 1788 valemus.
517 1733 577 1802 Ego
596 1734 678 1787 hodie
697 1734 732 1787 ab
747 1734 824 1787 hora.
865 1732 894 1805 Cr
907 1732 1031 1786 Aufidius
1050 1732 1156 1788 animos
1174 1733 1268 1787 tollit¹

283 1818 340 1873 Nos
358 1819 490 1873 valemus.
518 1818 578 1887 Ego
598 1817 779 1887 aliquantum.

749 2008 952 2016 .-—---—-—-

497 2190 566 2276 (u.
589 2177 861 2299 connunu
888 2195 1207 2276 uson'rours

307 2366 641 2439 EPISTULARUM
667 2366 733 2437 AD
759 2366 807 2439 M.
830 2364 1082 2437 CAESAREM
1108 2365 1168 2436 ET
1195 2365 1395 2437 INVIOEM

687 2530 874 2594 LIBER
909 2530 1036 2617 ΗΠ),

644 2752 675 2816 Ι.
709 2750 860 2837 (Fronto
884 2751 1056 2835 Caesari).

367 2887 535 2976 [Quoniam
557 2888 623 2951 seio
645 2891 765 2971 quanto
788 2909 882 2971 opere
905 2888 948 2951 sis
972 2887 1096 2975 anxius]
1124 2936 1392 2952 ...........
1407 2890 1419 2927 ²

281 2996 313 3056 et
336 2992 499 3056 columbae
523 3013 594 3054 eum
616 2990 700 3074 lupis
729 2993 760 3054 et
782 2990 897 3072 aquilis
920 2993 1107 3054 cantantem
1135 2990 1350 3073 sequebantur
1372 2992 1420 3054 iu-

279 3115 434 3158 memores
456 3093 645 3157 insidiarum
672 3095 704 3156 et
732 3091 910 3177 unguium3
937 3095 970 3155 et
997 3091 1150 3155 dentium.
1195 3090 1282 3165 Quae
1309 3093 1420 3155 fabula

280 3199 365 3260 reete
387 3194 695 3277 interpraetantibus
717 3193 797 3257 illud
817 3193 963 3276 profecto
986 3193 1150 3277 significat
1170 3193 1269 3256 fuisse
1289 3195 1419 3277 egregio

279 3297 411 3382 iugenio
440 3295 616 3378 eximiaque
649 3295 830 3378 eloquentia
852 3295 965 3377 virum,
1000 3295 1054 3378 qui
1083 3295 1237 3378 plurimos
1264 3295 1420 3359 virtutum

281 3420 409 3462 suarum
431 3395 662 3479 facundiaeque
682 3396 892 3460 admiratione
915 3396 1126 3478 devincxerit3
1150 3417 1284 3479 eumque
1301 3397 1431 3460 amicos¹

281 3522 318 3563 ae
341 3501 513 3563 sectatores
533 3495 608 3560 'suos
630 3498 677 3560 ita
698 3497 887 3580 instituisse,
917 3500 954 3561 ut
982 3519 1174 3581 quamquam
1201 3497 1333 3561 diversis
1362 3520 1418 3560 na-

279 3601 421 3664 tionibus
445 3620 604 3663 convenae
626 3600 722 3663 variis
737 3599 878 3662 moribus
890 3599 1011 3681 inbuti,
1037 3598 1287 3663 concordarenta
1309 3602 1419 3662 tamen

281 3706 313 3766 et
342 3703 587 3764 consuescerent
617 3704 649 3764 et
682 3704 973 3785 congregarentur,
1012 3701 1106 3764 mites
1140 3722 1212 3764 cum
1247 3700 1417 3782 ferocibus,

279 3803 398 3887 placidi
421 3823 493 3865 cum
513 3801 677 3884 violentis,
706 3823 801 3886 quom
823 3802 968 3886 superbis
990 3801 1155 3884 moderati,
1187 3823 1258 3865 cum
1287 3802 1419 3864 crudeli-

280 3905 339 3968 bus
367 3903 486 3967 tirnidi:
519 3925 629 3968 omnes
663 3904 796 3968 deinde⁴
830 3894 987 3988 paulatim
1020 3902 1099 3966 vitia
1126 3903 1225 3966 insita
1253 3905 1416 3984 exuerent,

365 4112 431 4162 aIn
449 4112 560 4176 marpine
577 4126 684 4161 curamue
700 4126 761 4176 pap.
780 4114 848 4176 seq.:
878 4103 1004 4176 Orpheus
1028 4122 1164 4161 convenas
1190 4105 1272 4159 variis
1295 4104 1418 4160 moribus

279 4191 391 4247 inbutos
412 4192 578 4247 concordare
596 4191 669 4246 fecit.

365 4413 527 4482 lsequitur
548 4412 578 4465 in
600 4411 705 4481 pagina
729 4415 851 4482 spatium
871 4382 1001 4479 vacuum,
1030 4411 1104 4465 unde
1131 4411 1239 4465 constat
1264 4412 1418 4480 perfectum

279 4516 339 4554 esse
357 4498 478 4553 indicem
496 4497 678 4565 epistularum
696 4496 777 4550 huius
794 4497 867 4551 Iibri.

363 4589 379 4636 2
396 4581 597 4635 Desiderantur
619 4581 738 4650 paginae
762 4582 841 4637 duae.
877 4582 978 4651 Incipit
995 4581 1062 4636 eod.
1080 4580 1206 4636 Vatican.
1226 4599 1253 4650 p.
1265 4587 1323 4648 228,
1345 4581 1419 4635 lectu

280 4667 502 4806 dfffimlgsiiodex:
521 4757 659 4819 rapueram,
679 4751 728 4806 sed
744 4772 760 4805 r
777 4751 887 4806 videtur
905 4751 1051 4822 expuncta.
1066 4786 1078 4800 ,

363 4834 464 4895 ecoe.
483 4854 525 4908 pr.
545 4853 580 4889 m.
601 4841 668 4890 dein.
