3300 5950
285 776 327 839 24
497 775 533 829 Μ.
548 768 716 828 CORNELII
735 770 942 826 rabodonis
960 769 1216 824 EPISTULARUM

489 945 612 998 Mutatus
629 944 763 998 Polemon
780 960 869 1012 ponas
886 941 1007 1010 insignia
1024 941 1124 1006 morbi,

490 1028 639 1093 Fasciclas,
659 1027 770 1093 cubital,
789 1026 897 1092 focalia,
914 1028 1013 1096 potus¹
1031 1028 1062 1080 11
1079 1026 1126 1080 ille

490 1113 598 1168 Dicitur
616 1115 665 1167 ex²
684 1113 754 1166 collo
772 1112 869 1165 furtim
887 1110 1021 1180 carpsisse
1040 1128 1164 1177 coronas,

490 1200 642 1267 Postquam
661 1199 704 1252 est
720 1196 845 1267 inpransi
863 1197 1022 1265 correptus³
1039 1212 1107 1251 voce
1125 1198 1259 1267 magistri.

373 1355 508 1437 Versus,
533 1372 611 1437 quos
633 1354 712 1417 mihi
733 1353 883 1435 miseraS,
915 1353 1023 1416 remisi
1045 1353 1105 1416 tibi
1127 1375 1185 1437 per
1206 1352 1429 1417 Victorinum⁴

288 1462 448 1539 nostrum,
479 1459 573 1538 atque
601 1455 647 1518 ita
668 1453 792 1518 remisi:
827 1456 973 1518 chartam
1002 1454 1173 1538 diligenter
1200 1455 1266 1518 lino
1293 1456 1429 1538 transui,

290 1563 322 1623 ct
342 1560 389 1622 ita
411 1557 513 1621 linum
535 1557 719 1642 obsignavi,
743 1578 784 1619 ne
805 1555 967 1620 muserdus
988 1556 1048 1619 iste
1064 1557 1184 1640 aliquid
1200 1557 1306 1640 aliqua
1321 1558 1431 1621 rimari

290 1661 400 1745 possit.
445 1659 530 1722 Nam
558 1660 637 1721 mihi
665 1660 733 1742 ipse
761 1659 799 1721 de
829 1658 894 1721 tuis
921 1658 1114 1721 hexametris
1142 1681 1317 1742 numquam
1345 1660 1431 1743 quic-

291 1785 386 1846 quam
414 1760 608 1845 impertivit:
641 1762 688 1823 111
711 1763 760 1824 est
781 1759 883 1822 malus
906 1781 943 1823 ac
972 1759 1164 1825 malitiosus:
1199 1764 1248 1844 set
1270 1761 1370 1825 aitte
1393 1762 1431 1826 de

290 1863 448 1926 industria
472 1864 534 1925 cito
557 1865 590 1925 et
612 1861 728 1924 cursim
749 1862 949 1925 hexametros
980 1864 1052 1924 tuos
1073 1862 1224 1927 recitare:
1253 1885 1289 1927 eo
1312 1884 1346 1927 se
1367 1885 1431 1925 rne-

291 1966 409 2029 moriae
443 1965 595 2027 mandare
626 1986 692 2026 non
719 1985 822 2046 posse.
868 1963 1101 2027 Remuneratus
1131 1967 1179 2027 est
1206 1965 1307 2049 igitur
1334 1988 1353 2027 a
1380 1987 1431 2028 mc

291 2069 411 2130 mutuo.
446 2065 562 2129 Ρ11115
583 2066 691 2147 habet,
715 2086 756 2128 nc
779 2064 879 2127 ullum
894 2065 971 2127 hinc
986 2087 1114 2128 vorsum
1130 2066 1264 2129 audiret.
1297 2065 1431 2129 Memini

291 2168 389 2232 ctiam
410 2171 443 2231 te
464 2167 659 2250 frequenter,
683 2188 724 2230 uc
748 2166 897 2249 cuiquam
918 2187 1027 2229 versus
1050 2170 1121 2230 tuos
1144 2168 1354 2249 ostenderem,
1379 2168 1431 2230 ad-

291 2291 462 2333 monuisse.

378 2385 479 2461 “Quid
503 2389 566 2468 est,
590 2386 750 2450 Domine?
787 2385 879 2450 Certe
902 2386 1012 2450 hilaris
1035 2408 1085 2468 es,
1116 2390 1201 2451 certe
1230 2389 1311 2452 bene
1333 2388 1430 2470 vales,

291 2487 433 2550 omnium
470 2509 576 2551 rerum
614 2491 698 2574 certe
732 2510 828 2550 sanus
863 2508 906 2551 ea.
969 2487 1073 2552 Male⁷
1105 2488 1180 2551 dum
1212 2490 1359 2569 similiter
1391 2513 1432 2554 ne

291 2611 442 2672 umquam
477 2611 535 2652 nos
571 2590 738 2672 perturbes
775 2592 812 2652 ut
846 2589 948 2651 natali
985 2593 1040 2653 tuo
1076 2591 1288 2675 perturbasti,
1327 2594 1433 2656 cetera

294 2692 318 2774 [⁸
354 2694 459 2753 minus
495 2690 614 2753 laboro.
678 2691 712 2755 Εἴ
738 2692 767 2754 τί
795 2713 843 2756 cor
871 2693 983 2774 κακόν,
1025 2692 1069 2757 εἰ(
1104 2695 1297 2772 Πυρραίων9
1335 2716 1432 2774 κεφα-

293 2795 360 2871 λήν.
416 2791 514 2874 Vale,
548 2791 665 2855 'meum
701 2792 868 2875 gaudium,
912 2785 983 2855 mea
1025 2794 1195 2877 securitas,
1220 2795 1431 2877 'hilaritas¹⁰,

292 2893 405 2978 gloria.
450 2892 547 2977 Vale,
577 2896 609 2957 et
635 2914 701 2977 me,
731 2894 877 2977 obsecro,
907 2893 1119 2957 omniurode¹¹
1149 2918 1235 2959 ames
1268 2918 1330 2980 qua
1362 2896 1433 2959 ioco

292 3018 355 3079 qua
377 2996 469 3060 serio.

376 3113 557 3197 Epistulam
579 3115 674 3178 matri
696 3118 770 3178 tuae
792 3114 921 3198 scripsi,
956 3137 1037 3198 quae
1059 3138 1130 3179 mea
1151 3117 1351 3199 impudentia
1373 3119 1431 3199 est,

293 3237 407 3298 graece
430 3216 595 3299 eamque¹²
618 3217 773 3299 epistulae
801 3217 839 3280 ad
863 3219 896 3279 te
918 3217 1055 3280 scribtae
1077 3218 1223 3300 inplicui.
1275 3218 1324 3281 Tu
1346 3218 1433 3302 prior

292 3316 379 3400 lege:
403 3320 434 3379 et
457 3318 484 3379 si
506 3318 576 3400 quis
598 3317 729 3379 inerit¹³
751 3317 978 3399 barbarismus
1002 3321 1048 3401 tu,
1073 3320 1127 3402 qui
1143 3342 1161 3382 a
1177 3320 1300 3404 graecis
1315 3320 1433 3383 litteris

293 3417 451 3481 recentior
471 3440 515 3499 es,
541 3418 674 3502 corrige,
704 3421 798 3501 atque
825 3419 872 3481 ita
899 3419 995 3482 matri
1023 3421 1133 3483 redde:
1163 3420 1238 3483 nolo
1269 3422 1355 3485 enim
1383 3443 1432 3484 me

380 3729 392 3774 1
413 3719 516 3775 Codex:
533 3733 632 3790 postus.

379 3811 393 3857 2
411 3805 499 3859 Deest
516 3805 544 3858 in
564 3806 671 3860 Codice.

379 3899 394 3944 3
413 3888 492 3944 cod:
512 3901 656 3958 corruptus.

378 3981 394 4028 4
412 3973 535 4027 Aufidius
552 3974 709 4028 Victorinus
721 3975 809 4029 Marci
828 3976 1030 4044 condiscipulus
1048 3977 1107 4042 fuit,
1126 3978 1162 4031 ab
1180 3996 1268 4046 eoque
1286 3977 1434 4047 praecipue

296 4059 420 4114 dilectus.
450 4058 567 4127 Capitol.
587 4059 633 4114 vit.
656 4077 678 4112 c.
693 4068 716 4113 3.
746 4064 839 4116 Maius
873 4061 1048 4115 Ecksteinius
1066 4062 1182 4115 mavult:
1200 4069 1291 4115 rimari
1305 4073 1401 4130 posset.

379 4142 592 4197 1001111.

379 4233 395 4280 6
412 4228 480 4280 Post
498 4228 627 4296 spatium.

380 4318 394 4366 7
412 4311 599 4365 Heindorfius:
622 4317 695 4367 Vale.

379 4402 395 4449 8
413 4395 513 4464 Incipit
531 4394 596 4450 Cod.
616 4397 744 4451 Ambros.
764 4416 791 4466 p.
804 4405 845 4452 56.

379 4487 395 4533 9
413 4479 479 4616 god.
498 4482 627 4534 ΠΥΡΡΥ.
664 4481 697 4535 cf.
717 4482 819 4536 Zenob.
838 4501 916 4552 prov.
936 4491 994 4538 30⁶2.
1031 4483 1156 4538 Correxit
1173 4485 1366 4539 Buttmaunus.

364 4571 395 4617 10
433 4579 471 4617 ec.
491 4582 528 4617 m.

364 4654 394 4700 ll
414 4648 446 4700 cf.
466 4648 578 4703 Lachm.
598 4649 703 4704 Comm.
723 4651 751 4704 11
768 4652 877 4706 Lucret.
896 4671 923 4720 p.
940 4659 995 4707 101,

366 4738 394 4784 12
414 4730 494 4785 Ocu:
512 4753 633 4803 euinquae
652 4737 680 4789 et
698 4753 766 4789 oorr.
787 4757 842 4789 eam
860 4748 925 4793 tuae.

363 4823 394 4869 13
413 4815 479 4870 Cod.
500 4823 559 4870 insit
576 4820 604 4872 et
623 4835 692 4873 corr.
711 4825 797 4876 inerit.
