3300 5950
204 792 209 802 ¹
261 774 301 837 86
471 772 507 825 M.
523 771 693 826 CORNELII
710 771 918 827 FRONTONIS
936 772 1193 827 EPISTULARUM

260 944 392 1028 gloriae,
425 943 567 1006 dolorum
594 965 668 1007 vero
696 946 728 1006 et
757 945 994 1031 aegritudinum
1017 944 1181 1027 aliquanto
1208 943 1281 1027 plus
1308 967 1404 1037 quam

169 1064 170 1069 ’
261 1047 338 1109 11111
354 1067 519 1129 superque.
557 1045 657 1109 Filiae
672 1067 761 1109 meae
776 1046 864 1109 iussu
887 1050 942 1109 tuo
965 1045 1109 1110 osculum
1130 1045 1207 1109 tuli:
1230 1069 1405 1129 numquam

260 1147 339 1210 mihi
361 1151 428 1210 tam
450 1139 563 1210 suavis
577 1151 706 1231 tamque
735 1149 858 1211 saviata
880 1149 949 1212 visa
973 1146 1056 1236 [est].
1087 1148 1259 1211 Dominam
1287 1148 1402 1229 saluta,

261 1247 397 1313 Domine
420 1240 611 1313 dulcissime
656 1249 738 1313 Vale
761 1253 793 1313 et
814 1250 864 1313 fer
886 1250 1030 1313 osculum
1051 1253 1218 1313 matronae
1241 1253 1324 1313 tuae.
1385 1279 1397 1333 j

557 1417 729 1484 XXXIV.
753 1419 810 1485 49.
844 1419 996 1485 Domino
1018 1420 1106 1485 Meo.

346 1555 479 1620 Saenius
500 1554 715 1638 Pompeianus
743 1556 779 1619 in
811 1556 958 1639 plurimis
987 1556 1090 1619 causis
1118 1578 1136 1619 a
1163 1578 1214 1619 me
1242 1556 1402 1639 defensus.

259 1661 429 1741 postquam
450 1656 613 1740 publicum
641 1654 772 1721 Africae
794 1658 939 1740 redemit,
963 1657 1110 1741 plurimis
1133 1658 1236 1721 causis
1262 1680 1330 1721 rem
1356 1660 1403 1721 fa-

259 1759 416 1822 miliarem
444 1763 587 1822 nostram
614 1759 752 1822 adiuvat.
798 1758 993 1824 Commendo
1015 1782 1087 1823 eum
1114 1759 1184 1842 11111,
1221 1782 1293 1823 cunr
1320 1761 1403 1822 ratio

260 1861 326 1924 eius
361 1882 379 1922 1
406 1858 544 1923 Domino
576 1864 686 1923 nostro
719 1864 810 1943 patre
844 1865 900 1924 tuo
933 1862 1134 1944 tractantur,
1167 1861 1403 1946 benignitatem
1448 1872 1451 1875 ’

251 1960 439 2045 ‘ingenitam
460 1961 531 2044 tibi,
555 1953 652 2045 quam
674 1962 821 2025 omnibus
844 1983 883 2024 ex
904 1982 991 2025 more
1013 1964 1088 2025 tuo¹
1112 1962 1239 2044 11111111,
1270 1965 1306 2025 11
1327 1961 1420 2032 huie

260 2067 291 2127 11
313 2085 384 2126 mea
408 2063 682 2127 commendatione
709 2066 741 2127 et
762 2066 818 2126 tua
842 2063 1072 2127 consuetudine
1100 2065 1213 2127 ductus
1235 2064 1401 2147 inpertias.

258 2164 339 2229 Vale
361 2165 499 2228 Domine
521 2165 711 2257 dulcissime.

574 2333 726 2401 XXXV.
750 2333 806 2399 50.
836 2334 1079 2418 Rescriptum.

342 2470 557 2554 Pompeianus
579 2470 703 2534 meritis
724 2470 835 2552 isdem,
860 2470 974 2554 quibus
996 2475 1029 2535 te
1051 2463 1328 2555 sibiconciliavit,
1352 2495 1403 2536 me

259 2595 382 2657 quoque
405 2572 589 2657 promeruit.
628 2570 732 2646 Quare
756 2572 849 2656 cupio
871 2574 979 2637 omnia
1001 2575 1030 2637 ei
1053 2597 1092 2638 ex
1114 2573 1318 2658 indulgentia
1339 2573 1402 2637 Do-

259 2675 338 2738 mini
360 2676 422 2738 mei
445 2674 546 2757 patris
569 2673 794 2737 obsecundare.
824 2673 910 2737 Nam
933 2696 979 2758 ea,
1004 2697 1085 2759 quae
1107 2675 1168 2739 tibi
1183 2697 1222 2739 ex
1240 2676 1403 2739 sententia

259 2776 446 2860 procedunt,
470 2776 588 2859 gaudia
611 2778 687 2838 sunt
709 2779 788 2839 mea.
820 2774 900 2839 Vale
922 2777 967 2839 mi
987 2777 1142 2861 magister
1162 2776 1400 2840 iucundissime.

259 2877 414 2941 Faustina
437 2881 468 2941 et
491 2877 639 2961 parvolae
662 2880 791 2941 nostrae
813 2881 846 2941 te
869 2878 1021 2941 salutant.

549 3048 721 3115 XXXVI.
745 3047 801 3114 51.
833 3047 1005 3130 Magistro
1026 3048 1114 3114 11111.

254 3273 256 3276 Υ
345 3184 378 3249 si
404 3188 437 3248 te
464 3185 499 3248 in
527 3184 706 3268 provincia,
741 3185 785 3248 mi
818 3184 989 3268 magister,
1030 3184 1145 3247 adierit
1166 3184 1403 3272 Themistocles
1516 3263 1518 3268 Ι

140 3367 142 3371 ¹
259 3288 398 3372 quidam,
428 3287 482 3370 qui
505 3308 539 3348 se
561 3286 733 3369 Apollonio
754 3286 911 3369 magistro
928 3285 953 3370 l²
968 3306 1038 3348 meo
1067 3285 1154 3349 dicat
1181 3284 1403 3369 philosophiae

260 3388 436 3473 cognitum,
462 3409 533 3451 eum
556 3388 642 3450 11113
671 3387 725 3470 qui
753 3387 814 3450 hac
837 3386 941 3450 hieme
963 3386 1099 3450 Romam
1121 3388 1247 3451 venerit
1269 3391 1301 3450 et
1323 3387 1402 3451 mihi

259 3491 444 3554 voluntate⁴
474 3489 621 3573 magistri
643 3511 700 3572 per
728 3487 830 3551 filium
853 3488 1062 3571 Apollonium
1084 3489 1127 3552 sit
1149 3490 1401 3554 demonstratus:

260 3592 288 3654 ei
310 3595 356 3673 111,
381 3591 425 3652 mi
447 3590 611 3674 magister,
635 3590 730 3653 've-lim
753 3589 837 3673 quod
858 3591 962 3672 possis
984 3591 1066 3653 bene
1087 3589 1199 3672 faciae,
1227 3591 1309 3654 bene
1332 3614 1402 3654 sua-

147 3733 148 3737 =
260 3694 344 3756 deas
390 3691 473 3755 Nam
496 3693 545 3754 ius
573 3694 605 3754 et
633 3712 766 3776 aequom
796 3691 944 3754 omnibus
972 3692 1141 3756 Asianeis⁵
1170 3692 1231 3755 erit
1259 3693 1343 3776 apud
1370 3696 1402 3756 te

256 3795 512 3882 paratissimum:
536 3794 590 3856 sed
614 3793 791 3875 consilium,
817 3793 1010 3876 comitatem,
1034 3816 1177 3877 quaeque
1200 3793 1311 3857 amicis
1334 3795 1402 3857 sine

259 3896 324 3959 11111
346 3896 555 3979 quoiusquam
577 3895 776 3959 incommodo
798 3895 949 3979 propria⁰
970 3895 1124 3980 inpertire
1139 3895 1217 3959 fides
1234 3919 1271 3959 ae
1289 3895 1402 3980 religio

260 3997 458 4081 proconsulis
480 3996 648 4080 permittit,
672 3999 746 4079 peto
765 3996 975 4061 Themistocli
995 3997 1100 4061 libens
1121 3997 1297 4080 impertias
1321 3996 1402 4061 Vale

260 4099 304 4161 nri
326 4098 552 4162 iucundissime
574 4098 738 4182 magister.
783 4097 952 4183 Rescripto
974 4098 1057 4162 nihil
1078 4121 1157 4182 opus
1180 4101 1238 4162 est.

347 4325 359 4370 1
379 4317 472 4372 Codex
490 4337 531 4387 pr.
551 4337 586 4372 m.
607 4329 712 4373 morteto.

345 4411 360 4456 2
379 4402 479 4472 Incipit
498 4403 563 4458 Cod.
577 4402 640 4457 Vat.
655 4423 682 4472 p.
696 4410 751 4458 104.
779 4403 820 4457 De
832 4403 981 4473 Apollonio
1001 4401 1185 4457 Chalcedonio
1204 4404 1238 4456 cf.
1253 4402 1400 4472 Capitolin.

213 4493 217 4500 '
260 4487 938 4542 11Ρ111.1011Μ11111131111111.

346 4580 361 4626 3
380 4572 483 4626 Codex:
502 4593 566 4629 sere.
604 4570 729 4627 Correxit
746 4570 842 4626 Maius.

287 4725 289 4728 y
345 4663 361 4709 1
380 4655 484 4710 Codex:
504 4664 640 4725 voluptate.
678 4655 803 4712 Correxit
820 4656 917 4710 Maius,

346 4747 361 4795 5
378 4741 454 4809 Ergo
472 4741 538 4795 Asia
555 4740 697 4810 provincia
715 4739 849 4796 Frontoni
867 4741 990 4811 regenda
1008 4742 1128 4798 obvenit.
1166 4748 1260 4800 Maius.

346 4825 516 4880 1011111.
538 4845 573 4878 m.
590 4831 709 4894 proprio.
1047 4810 1060 4833 ⁸
