3300 5950
685 759 966 815 PROLEGOMENA.
1156 836 1158 840 ¹
1327 780 1394 825 xm
1459 844 1461 847 Δ

253 936 361 1017 betur,
391 934 505 1018 quibus
533 954 620 996 nunc
646 932 681 994 in
710 932 904 996 oblitteratis
925 931 1055 1015 paginis
1077 931 1202 994 nullum
1225 933 1274 994 est
1294 953 1393 995 reme

254 1037 350 1100 dium.
396 1034 586 1099 Rectissime
608 1033 749 1097 ostendit
770 1033 935 1097 Iacobsius
957 1033 992 1096 in
1008 1032 1121 1096 Diario
1144 1032 1394 1097 Zimmermanni

254 1160 348 1221 saepe
370 1137 492 1200 Maium
522 1137 557 1199 in
585 1136 725 1199 editione
747 1134 893 1199 Romana
921 1155 980 1218 pro
1004 1134 1120 1198 codicis
1142 1134 1335 1198 lectionibus
1358 1136 1392 1197 in

252 1242 377 1302 textum
399 1239 555 1320 recepisse
579 1238 777 1300 coniecturas
800 1235 1073 1317 Berolinensium3
1107 1237 1160 1319 qui
1189 1257 1287 1319 quum
1307 1234 1393 1299 haud

253 1363 325 1404 raro
348 1340 520 1403 divinando
544 1339 681 1402 assecuti
703 1338 771 1401 sint
792 1338 868 1421 quid
883 1336 1003 1401 Fronto
1022 1337 1154 1419 dederit,
1179 1337 1284 1401 Maius
1306 1342 1393 1401 recte

254 1464 330 1505 sane
345 1442 439 1523 secit3
459 1440 589 1504 fecisset
604 1442 713 1502 tamen
728 1440 862 1520 rectius,
887 1439 914 1502 si
929 1439 1106 1502 monuisset
1123 1438 1268 1503 lectores.
1305 1439 1392 1502 Alibi

254 1565 377 1632 quoque
398 1543 447 1606 vir
470 1540 740 1605 eminentissimus
764 1541 963 1604 coniecturas
985 1542 1119 1624 recipit,
1143 1563 1224 1625 quae
1247 1563 1319 1605 cum
1343 1562 1392 1604 co-

253 1645 322 1708 dice
337 1646 407 1728 ipso
422 1645 553 1707 minime
576 1643 782 1707 conveniunt.
812 1641 1118 1725 Lectorum'parum
1140 1642 1312 1706 interesset
1332 1641 1394 1706 hoc

253 1746 350 1828 scire,
380 1746 408 1807 si
439 1745 536 1809 codex
559 1744 790 1808 Ambrosianus
813 1744 930 1828 ubique
952 1744 1018 1828 legi
1039 1748 1163 1828 posset3
1197 1765 1324 1826 verum,
1357 1747 1395 1807 111

254 1847 328 1930 dixi,
353 1847 521 1929 pleraeque
543 1848 682 1930 paginae
704 1846 835 1930 nigrum
858 1846 994 1909 colorem
1016 1845 1191 1927 duxerunt,
1214 1846 1249 1908 in
1270 1846 1311 1908 iis
1333 1846 1393 1929 igi-

253 1950 307 2011 tur
328 1949 502 2032 pendemus
525 1969 542 2010 1
564 1948 660 2010 dubia
681 1947 761 2012 Maii
788 1947 860 2011 fide.
904 1946 1088 2010 Istiusmodi
1116 1947 1194 2010 locis
1222 1946 1286 2010 feci
1308 1947 1392 2030 quod

254 2050 356 2113 solum
377 2045 515 2133 potui'et
530 2049 683 2132 descripsi
703 2048 857 2112 lectiones
880 2070 959 2131 quas
978 2046 1107 2111 exhibet
1122 2047 1219 2111 editio
1234 2047 1391 2130 Romana,

254 2151 309 2213 sed
330 2174 505 2234 numquam
527 2150 655 2234 neglexi
677 2171 822 2231 monere,
848 2150 874 2211 si
897 2150 1024 2232 quando
1046 2149 1188 2213 incertae
1211 2149 1338 2212 litterae
1361 2154 1394 2213 et

254 2252 425 2316 volitantes
454 2252 548 2316 amici
577 2252 679 2315 aciem
707 2251 890 2334 effugerint.
935 2250 1020 2313 Fieri
1047 2254 1154 2334 potest
1180 2254 1217 2315 ut
1244 2251 1298 2334 qui
1320 2255 1394 2335 post

253 2354 371 2436 veniat,
395 2352 536 2417 111111111
558 2352 654 2437 paulo
676 2352 769 2436 plura
791 2352 966 2416 describat:
990 2355 1022 2416 et
1038 2353 1130 2416 credo
1145 2374 1223 2415 sane
1243 2353 1290 2415 ita
1312 2352 1391 2435 fore,

252 2477 329 2518 nam
351 2478 388 2518 ea
409 2456 476 2519 sere
499 2459 547 2519 est
569 2455 796 2538 rescriptorum
817 2454 961 2518 codicum
980 2457 1113 2536 natura,
1137 2456 1173 2516 111
1194 2476 1288 2518 nemo
1310 2477 1393 2518 unus

253 2557 360 2619 omnia
377 2556 544 2621 exhaurire
566 2557 681 2641 possit3
704 2557 760 2619 sed
780 2556 933 2640 pleraque
950 2558 1081 2619 aeterna
1095 2578 1160 2619 nox
1181 2556 1300 2639 premit
1321 2578 1391 2640 pre·

253 2661 390 2741 metque.
420 2658 460 2721 In
475 2658 566 2721 novis
580 2659 713 2721 venenis
729 2657 818 2721 nulla
841 2658 935 2721 salus.
968 2656 1093 2721 Codicis
1116 2656 1390 2742 orthographiam,

253 2762 289 2820 111
310 2760 442 2842 quisque
465 2759 665 2822 considerare
688 2763 796 2841 posset
824 2759 901 2843 quid
922 2758 1078 2822 Frontoni
1099 2759 1260 2841 peculiare
1281 2759 1390 2842 fuerit,

253 2860 327 2948 quid
350 2860 473 2923 librarii
495 2860 688 2943 invexerint,
712 2861 899 2944 plerumque
915 2860 1044 2923 retinui.
1075 2859 1114 2923 In
1131 2864 1273 2924 extrema
1289 2862 1391 2925 cuius-

254 2984 314 3045 que
336 2963 555 3045 quaternionis
577 2962 699 3046 pagina
722 2962 914 3026 adscribitur
935 2984 1097 3026 numerus.

339 3063 400 3127 Sed
428 3065 598 3127 dicendum
621 3067 669 3128 est
699 3065 737 3128 de
761 3067 948 3129 correctore.
997 3064 1194 3128 Emendatus
1222 3066 1320 3128 codex
1343 3069 1392 3129 est

255 3163 377 3228 collatis
406 3165 639 3249 exemplaribus
667 3189 686 3228 a
715 3166 853 3230 Caecilio
879 3166 1030 3250 quodam,
1068 3167 1156 3230 cuius
1177 3187 1295 3230 nomen
1319 3189 1392 3230 cum

251 3265 327 3329 olim
359 3265 520 3350 legeretur
560 3269 594 3330 in
632 3271 773 3332 extremo
810 3269 892 3332 libro
923 3267 973 3331 ΠΙ
1006 3268 1046 3332 ad
1079 3267 1263 3350 Caesarem,
1303 3291 1392 3332 nunc

251 3388 379 3449 prorsus
403 3354 543 3432 evanuit.
589 3368 724 3443 Quando
745 3370 806 3434 iste
830 3369 987 3434 Caecilius
1009 3369 1134 3451 vixerit,
1158 3392 1225 3433 non
1248 3372 1391 3433 constat:

251 3468 353 3531 utitur
374 3469 491 3533 litteris
515 3470 664 3552 cursivis,
688 3471 868 3553 inclinatis3
891 3493 973 3554 quae
989 3471 1208 3555 negligentior
1230 3471 1390 3553 scriptura

251 3570 301 3633 vel
334 3571 563 3655 antiquissimis
596 3573 792 3655 temporibus
823 3573 858 3634 in
886 3595 945 3634 usu
970 3572 1044 3635 fuit.
1088 3571 1203 3634 Itidem
1236 3572 1289 3635 hic
1322 3573 1389 3637 illic

252 3675 385 3754 apparet
406 3659 442 3735 in
463 3673 609 3756 margine
633 3673 737 3738 Orosii
760 3673 884 3738 Codicis
900 3673 1089 3737 Florentini,
1118 3673 1232 3737 Amico
1249 3696 1319 3738 meo
1342 3696 1391 3738 co-

252 3772 311 3835 dex
333 3774 519 3837 emendatus
541 3774 666 3838 videtur
692 3774 778 3838 haud
799 3775 846 3838 111
868 3776 932 3858 diu,
956 3777 1128 3858 antequam
1151 3776 1389 3840 rescriberetur.

252 3872 418 3938 Oorrector
440 3875 594 3938 vocabula
624 3877 811 3939 continuata
834 3877 942 3939 divisit
965 3899 1002 3940 eo
1024 3878 1118 3961 signo
1140 3878 1223 3960 quod
1246 3877 1328 3960 dixi,
1358 3882 1392 3942 et

249 3975 285 4037 in
306 3975 463 4059 margine,
488 3977 644 4058 quaesibi
660 3980 774 4040 notatu
796 3978 896 4062 digna
918 3978 1112 4060 viderentur,
1136 3978 1291 4042 indicavit
1312 3979 1389 4043 lem-

250 4077 360 4140 matis:
397 4076 518 4140 scholia
541 4081 626 4141 certe
649 4078 712 4141 dici
733 4101 800 4142 non
822 4081 966 4161 possunt.
1012 4080 1113 4163 Saepe
1137 4081 1321 4144 emendator
1342 4104 1389 4145 re-

250 4177 365 4260 petivit
385 4197 483 4241 unam
506 4177 653 4261 pluresve
675 4181 862 4262 sententias,
887 4202 967 4263 quae
988 4181 1049 4244 sibi
1064 4181 1283 4245 memorabiles
1305 4183 1390 4246 vide·

248 4281 377 4370 rentur,
401 4301 495 4363 saepe
518 4280 597 4343 satis
619 4278 733 4343 habuit
755 4301 855 4343 unum
877 4283 1010 4346 verbum
1031 4280 1127 4365 paulo
1148 4280 1251 4344 rarius
1274 4284 1389 4347 exscri-

250 4379 334 4462 bere,
358 4379 537 4463 interdum,
561 4381 671 4464 paucis
694 4382 799 4445 verbis
821 4383 1027 4467 transpositis
1050 4386 1082 4445 et
1103 4382 1298 4466 immutatis,
1321 4384 1389 4449 fere

249 4480 412 4565 integram
433 4483 589 4567 paginam
611 4483 850 4566 transscripsit,
885 4485 940 4547 sed
967 4484 1056 4547 nulla
1085 4486 1133 4546 est
1159 4484 1195 4547 in
1222 4483 1273 4548 his
1302 4489 1389 4550 certa

249 4582 347 4664 ratio;
368 4582 404 4645 in
426 4587 568 4647 extrema
591 4583 707 4647 codicis
729 4587 837 4666 parte,
861 4607 952 4668 quae,
976 4587 1013 4648 ut
1034 4585 1114 4667 dixi,
1138 4585 1313 4650 Mediolani
1335 4589 1388 4650 ad-

250 4686 404 4765 servatur,
427 4685 521 4767 paulo
543 4685 636 4768 plura
658 4686 812 4767 enotavit,
838 4686 892 4749 sed
915 4685 1038 4750 Graeca
1058 4708 1125 4750 non
1147 4688 1266 4772 attigit.
1299 4687 1388 4752 Oete-

249 4805 319 4847 rum
341 4785 486 4848 dubitare
507 4789 621 4870 possis,
645 4789 753 4850 utrum
769 4786 927 4851 Caecilius
941 4787 1040 4852 fuerit
1054 4790 1109 4884 qui
1122 4790 1228 4871 ipsum
1242 4793 1387 4853 nostrum
