3300 5950
646 755 926 812 PROLEGOMENA.
1259 777 1359 823 xxvu

179 930 187 943 ⁸
222 931 351 1013 scripsit
377 929 528 1013 epistolas
557 929 597 992 ad
619 928 821 992 Victorinum
849 932 881 992 et
902 927 1094 992 Praecilium
1115 928 1357 1011 Pompeianum,

222 1034 262 1097 ad
284 1033 358 1097 Am.
381 1031 408 1113 I,
434 1030 482 1093 14.
509 1031 565 1113 15,
588 1031 622 1094 id
643 1031 727 1115 quod
749 1033 975 1115 argumentum
998 1030 1075 1093 satis
1097 1030 1248 1094 declarat.

306 1132 459 1216 Sequenti
481 1154 566 1196 anno
589 1133 706 1195 14411
728 1132 821 1214 epist.
838 1131 880 1214 V,
896 1133 939 1196 34
960 1130 1080 1195 Fronto
1103 1132 1240 1197 amicum
1262 1156 1359 1218 quen-

222 1237 296 1300 dam
317 1256 410 1298 suum
431 1234 541 1297 Marco
564 1234 780 1317 commendat,
804 1234 996 1317 rescriptum
1018 1233 1163 1298 Caesaris
1186 1238 1234 1298 est
1248 1234 1289 1317 V,
1305 1235 1358 1299 35.

222 1337 342 1401 Contra
363 1335 404 1417 V,
428 1336 469 1399 36
497 1335 614 1421 Caesar
635 1336 743 1399 nescio
765 1357 859 1418 quem
882 1335 1085 1398 commendat
1106 1336 1209 1399 amico
1230 1337 1266 1399 in
1287 1358 1360 1419 pro-

222 1439 362 1502 vinciam
383 1439 476 1502 itur0.
506 1438 628 1501 Iterum
650 1438 688 1501 de
711 1438 805 1501 amici
829 1436 992 1500 cuiusdam
1014 1437 1109 1500 rebus
1125 1441 1173 1501 est
1187 1437 1360 1501 Frontonis

222 1540 315 1623 epist.
339 1538 380 1621 V,
404 1540 456 1603 37.
500 1538 605 1622 Epist.
629 1538 670 1620 V,
693 1539 735 1603 38
758 1539 1304 1603 1139111111111110111111Ρ11
1328 1542 1361 1603 et

110 1695 115 1700 ,
220 1640 308 1723 Veri,
332 1641 456 1723 opinor,
481 1662 553 1703 cum
575 1641 628 1704 hic
649 1648 760 1725 togam
782 1640 907 1704 virilem
929 1645 1078 1704 sumeret.
1109 1641 1150 1703 In
1172 1640 1276 1723 Epist.
1300 1641 1358 1723 IV,

222 1745 295 1806 let
316 1742 337 1805 2
360 1742 467 1826 agitur
494 1742 533 1806 de
555 1742 704 1825 discidio,
733 1742 817 1826 quod
844 1743 931 1806 inter
953 1741 1098 1806 Caesaris
1126 1742 1244 1805 amicos
1273 1764 1360 1805 exor-

221 1847 289 1907 tum
311 1845 390 1907 erat.
435 1843 500 1907 Res
527 1865 593 1907 non
620 1843 746 1907 videtur
773 1844 954 1908 accuratius
982 1844 1107 1908 definiri
1129 1865 1232 1926 posse.
1278 1844 1361 1906 Tum

220 1947 336 2009 notatu
359 1945 547 2029 dignissima
570 1948 618 2008 est
641 1968 690 2027 ep.
714 1944 772 2027 IV,
795 1946 826 2009 3.
873 1944 990 2009 Caesar
1017 1967 1050 2009 se
1078 1966 1269 2028 praeparare
1291 1945 1361 2007 vult

221 2046 372 2110 historiae
401 2047 605 2129 scribendae,
640 2048 712 2129 sed,
743 2068 814 2110 cum
843 2046 1011 2131 aliquoties
1042 2069 1117 2109 usus
1145 2050 1228 2110 esset
1254 2046 1360 2109 verbis

220 2148 403 2232 impropriis
422 2153 490 2212 ’nec
517 2150 595 2212 11111
617 2149 756 2230 idoneis,
787 2148 927 2231 explicat
953 2149 1107 2231 magister
1134 2151 1256 2231 quauta
1285 2170 1361 2211 cura

222 2249 403 2313 adhibenda
425 2251 467 2313 sit
488 2250 524 2313 in
546 2250 630 2333 aptis
651 2250 757 2313 verbis
780 2250 946 2333 eligendis.
983 2248 1074 2324 Quod
1096 2250 1186 2313 addit
1207 2249 1360 2313 iudicium

107 2428 112 2433 ι
222 2352 260 2415 11
286 2351 421 2414 vetustis
449 2351 656 2435 scriptoribus
684 2350 839 2415 Romanis
868 2354 900 2414 11
929 2351 1100 2434 praecipue
1129 2351 1167 2414 de
1196 2350 1360 2433 Cicerone,

221 2474 279 2537 per
293 2475 327 2516 11
342 2452 471 2535 quidem
491 2452 586 2516 nihili
608 2455 657 2516 est
671 2455 704 2515 et
720 2474 791 2516 cum
812 2453 987 2517 iactatione
1009 2454 1145 2535 dictum,
1169 2453 1224 2516 111
1246 2474 1361 2537 operae

221 2554 361 2639 pretium
383 2557 432 2618 est
453 2554 532 2618 talia
555 2554 818 2637 animadvertere,
843 2557 880 2617 ut
901 2555 1005 2618 discas
1027 2555 1103 2637 quid
1124 2555 1188 2618 illis
1210 2554 1361 2637 tempori-

222 2657 281 2720 bus
303 2655 442 2720 Romani
465 2656 503 2719 de
525 2656 752 2719 vetustioribus
775 2656 983 2739 scriptoribus
1006 2657 1199 2738 censuerint,
1224 2678 1296 2719 cum
1312 2654 1362 2720 Ci-

224 2780 295 2825 1111
318 2761 351 2821 11
372 2756 526 2820 Horatius
547 2759 713 2832 sorderent
740 2779 817 2840 prae
841 2757 993 2822 Sallustio
1021 2761 1054 2822 et
1080 2757 1198 2821 Ennio.
1242 2756 1362 2821 Vinde-

222 2860 360 2923 miarum
390 2862 534 2941 tempore
562 2857 678 2923 Caesar
711 2858 822 2921 scribit
848 2857 906 2941 IV,
935 2859 957 2921 4
985 2862 1017 2950 et
1044 2859 1139 2923 facile
1168 2862 1217 2922 est
1243 2859 1361 2940 videre,

223 2963 345 3045 quanto
365 2948 482 3046 flagret
510 2960 713 3044 antiquitatis
741 2960 856 3024 studio
900 2960 1014 3043 Itaque
1041 2960 1151 3043 rediit,
1181 2959 1239 3042 IV,
1262 2960 1293 3042 5,
1323 2959 1363 3023 ad

224 3065 347 3126 vetares
369 3084 442 3126 suas
465 3062 595 3127 delicias
618 3061 783 3127 Catonem.
829 3061 908 3125 Post
934 3062 1029 3125 breve
1057 3061 1262 3125 intervallum
1290 3061 1362 3124 sub-

225 3167 400 3247 sequuntur
415 3165 508 3248 epist.
524 3165 582 3246 IV,
606 3165 675 3228 611
689 3166 723 3229 7:
746 3166 823 3227 sunt
845 3165 996 3246 quattuor
1008 3164 1165 3246 ,epistolae
1181 3163 1361 3244 Tullianae,

224 3288 301 3329 nam
321 3287 362 3329 19
384 3266 467 3329 mica
489 3266 616 3350 quidem
638 3266 714 3329 salis
735 3266 831 3329 inest.

309 3365 395 3441 Quae
418 3370 591 3450 supersunt
612 3367 764 3450 epistolae
787 3367 828 3430 ad
849 3366 893 3429 M.
919 3366 1103 3450 Caesarem,
1133 3387 1243 3430 omnes
1271 3367 1363 3430 datas

226 3489 293 3532 esse
321 3468 465 3552 suspicor
486 3468 720 3532 vindemiarum
746 3471 890 3551 tempore
919 3468 998 3531 anni
1026 3467 1097 3531 145.
1142 3467 1225 3533 Sunt
1251 3467 1363 3532 breves

225 3569 379 3652 epistolae
392 3568 433 3652 V,
450 3569 565 3651 111,
588 3570 623 3633 in
644 3570 758 3652 quibus
779 3570 847 3633 fere
868 3568 952 3632 nihil
972 3569 1117 3633 invenies
1138 3571 1363 3653 praeterquam

225 3670 264 3734 de
286 3670 426 3754 corporis
448 3670 623 3754 doloribus,
658 3693 736 3754 quos
758 3670 878 3734 Fronto
900 3671 1088 3754 perpetitur.
1134 3670 1255 3734 Eodem
1278 3692 1364 3733 anno

225 3772 390 3854 scripsisse
417 3771 542 3835 videtur
575 3773 742 3856 epistolam
769 3771 917 3854 quintam
950 3772 991 3835 ad
1022 3771 1226 3835 Antoninum
1257 3772 1361 3855 Pium,

225 3872 299 3936 initi
331 3873 455 3957 imperii
492 3874 558 3956 die,
593 3894 708 3958 nempe
742 3874 793 3936 die
827 3875 941 3955 quarto
973 3873 1021 3936 ld.
1056 3872 1194 3956 August.
1246 3872 1364 3936 Exstat

224 3972 431 4057 Imperatoris
463 3975 664 4057 rescriptum.
709 3974 857 4038 Proxime
890 3974 1033 4057 sequitur
1066 3974 1201 4057 epistola
1234 3976 1364 4038 111111-

225 4065 294 4139 ton.
323 4073 416 4138 Pium
443 4076 479 4158 8,
508 4076 543 4140 in
571 4098 634 4159 qua
662 4076 782 4139 Fronto
811 4098 883 4139 cum
910 4075 1056 4159 principe
1084 4076 1297 4139 communicat
1331 4098 1364 4139 se

225 4176 407 4241 valetudine
433 4177 597 4260 impediri,
633 4200 695 4262 quo
726 4178 833 4241 minus
860 4177 1085 4260 proconsulare
1111 4199 1228 4239 munus
1257 4178 1362 4241 obeat.

225 4277 299 4341 Huc
328 4277 520 4341 reiiciendae
551 4281 622 4342 octo
661 4279 814 4362 epistolae
847 4277 887 4341 V.
916 4277 1053 4360 22-29,
1087 4277 1260 4360 inquibus
1293 4300 1364 4361 per-

225 4383 322 4464 petuo
367 4401 469 4443 sermo
513 4380 551 4443 fit
589 4380 628 4443 de
673 4380 872 4464 argumentis
914 4379 1199 4462 declamationum,
1248 4379 1364 4461 quibus

226 4481 343 4547 Caesar
365 4501 398 4544 se
421 4484 577 4545 exerceat.
622 4480 788 4565 Discipulo
815 4481 987 4564 displicent
1008 4500 1089 4563 quae
1116 4480 1272 4563 magister
1293 4502 1364 4563 pro-

225 4582 332 4668 ponit3
355 4585 388 4645 et
408 4583 512 4666 magis
534 4582 688 4646 miramur
710 4605 782 4646 eum
803 4583 876 4646 istis
896 4581 1028 4664 ineptiis
1049 4583 1117 4643 tam
1139 4581 1193 4644 diu
1216 4582 1288 4664 capi
1309 4602 1364 4665 po·

225 4685 336 4750 tuisse.
381 4682 538 4747 Ultimam
559 4684 604 4748 M.
629 4683 775 4748 Caesaris
798 4683 966 4767 epistolam
989 4704 1056 4746 esse
1079 4682 1214 4745 coniicio
1235 4682 1293 4765 IV,
1312 4684 1362 4763 13,

225 4787 262 4851 in
289 4807 354 4870 qua
376 4784 560 4850 adolescens
588 4785 706 4872 viginti
733 4770 873 4872 quinque
896 4805 997 4849 annos
1019 4787 1115 4851 natus
1143 4783 1221 4847 satis
1242 4783 1363 4872 perspi·
