3300 5950
286 802 326 876 66
495 801 532 864 Μ.
547 808 716 864 CORNELII
733 800 940 864 PRONTONIS
957 802 1212 865 EPISTULARUM

285 994 398 1047 nestum
420 984 457 1045 ut
478 988 625 1064 suspendi
645 982 677 1045 di
694 980 718 1067 11
735 1003 821 1045 ceres
839 1032 846 1045 .
862 982 929 1045 Ain
943 983 1085 1065 tandem,
1110 1003 1172 1065 quo
1198 984 1293 1066 pacto
1319 985 1425 1046 aestus

285 1082 519 1169 suspenditur?
562 1083 674 1167 Neque
706 1084 740 1147 id
767 1084 1001 1168 repraehendO,
1035 1087 1068 1147 te
1095 1084 1185 1147 verbi
1212 1084 1425 1148 translatione

285 1187 436 1251 audacius
469 1207 687 1269 progressum:
722 1186 840 1269 quippe
873 1187 927 1267 qui
963 1186 1051 1249 Enni
1078 1186 1240 1249 sententia
1274 1198 1425 1265 oratorem

285 1296 431 1354 audacem
454 1309 516 1352 esse
538 1294 645 1351 debere
668 1309 823 1351 censeam.
870 1286 919 1351 Sit
941 1309 1018 1351 sane
1041 1287 1144 1351 audax
1166 1291 1282 1371 orator,
1306 1292 1343 1351 ut
1360 1288 1425 1352 En-

283 1390 356 1454 nius
378 1390 535 1474 postulat,
558 1390 613 1452 sed
636 1412 655 1451 a
677 1389 900 1473 significanda
931 1390 1013 1472 quod
1035 1389 1102 1453 volt
1124 1389 1238 1473 eloqui,
1267 1412 1426 1473 nusquam

284 1493 509 1581 digrediatur&
554 1491 660 1575 Igitur
687 1490 886 1555 voluntatem
914 1491 1041 1574 quidem
1069 1494 1158 1554 tuam
1186 1513 1304 1576 magno
1328 1514 1425 1575 opere

283 1594 417 1677 probavi
438 1593 631 1677 laudabique
654 1614 749 1676 quom
775 1593 909 1660 verbum
934 1614 1085 1676 quaerere
1113 1593 1283 1676 adgressus
1306 1615 1354 1677 ea,
1377 1594 1425 1657 in-

284 1696 485 1780 diligentiam
508 1697 615 1758 autem
637 1694 773 1778 quaesiti
795 1682 894 1777 verbi,
919 1694 1002 1777 quod
1024 1697 1108 1757 esset
1128 1694 1276 1778 absurda,
1299 1717 1424 1778 reprae-

213 1859 215 1862 .
282 1796 395 1861 hendi:
418 1819 556 1880 namque
578 1796 798 1859 manuleorum
820 1795 1009 1878 intervallis,
1037 1817 1117 1879 quae
1139 1795 1301 1860 interdum
1316 1798 1425 1860 laxata

281 1898 424 1962 videmus
459 1902 554 1983 atque
585 1898 764 1980 fluitantia,
800 1897 952 1981 suspendi
985 1900 1091 1961 aestus
1126 1920 1192 1961 non
1214 1901 1335 1981 potest:
1369 1921 1423 1981 po-

214 2067 218 2073 ,
281 2002 346 2063 test
374 2003 480 2064 aestus
507 2022 565 2084 per
591 2000 688 2063 vestis
717 1999 889 2063 intervalla
911 1998 1037 2082 depelli,
1071 2002 1179 2083 potest
1207 1999 1290 2083 degI,
1317 2003 1424 2083 potest

282 2101 437 2184 demeare,
461 2105 568 2184 potest
591 2101 799 2183 circumduci,
829 2102 936 2183 potest
957 2101 1141 2184 interverti,
1168 2103 1276 2184 potest
1303 2101 1423 2165 eventi-

280 2202 356 2267 lari:
379 2203 488 2266 omnia
510 2203 646 2287 denique
662 2204 768 2285 potius
783 2204 901 2286 potest,
926 2224 1021 2285 quam
1043 2223 1136 2286 posse
1151 2202 1318 2285 suspendi,
1341 2203 1424 2286 quod

280 2305 414 2368 verbum
450 2304 621 2387 suspendi²
657 2304 830 2387 sustineri,
876 2325 957 2366 non¹
983 2326 1041 2388 per
1078 2304 1262 2367 laxamenta
1299 2303 1422 2387 deduci,

281 2406 454 2489 significat.

288 2515 290 2519 ’
366 2505 445 2570 Post
465 2507 529 2570 ista
550 2508 670 2590 monui,
695 2506 809 2590 quibus
833 2507 956 2590 studiis,
987 2496 1149 2590 quoniam*
1165 2509 1212 2570 lta
1240 2506 1354 2595 vallae,
1391 2511 1423 2571 te

281 2608 433 2671 historiae
456 2608 646 2672 scribundae
660 2630 878 2691 praeparares
908 2608 977 2683 Qua
1000 2609 1038 2672 de
1060 2630 1094 2672 re
1117 2609 1209 2672 cum³
1230 2609 1359 2693 longior
1381 2610 1423 2672 sit

164 2744 167 2750 ·
281 2710 393 2792 oratio,
416 2730 458 2773 ne
480 2710 609 2799 modum
632 2708 787 2793 epistulae
810 2710 967 2793 egrediar,
996 2710 1093 2774 finem
1120 2710 1214 2773 facio
1260 2710 1294 2774 Si
1320 2714 1357 2774 tu
1385 2711 1423 2774 de

284 2833 321 2874 ea
344 2832 468 2894 quoque
491 2833 525 2874 re
542 2798 639 2875 scribi
655 2811 695 2875 ad
709 2813 741 2873 te
756 2810 853 2894 voles,
878 2811 975 2875 etiam
992 2811 1094 2894 adque
1112 2811 1210 2875 etiam
1226 2812 1421 2875 admonebis.

312 2981 374 3046 lv.
409 2981 454 3046 u.
480 2982 608 3048 caesar
630 2981 675 3046 u.
699 2981 875 3046 monton
897 2935 1069 3062 magistro
1092 2977 1395 3066 Sucasinam.

366 3117 540 3200 Postquam
561 3116 742 3180 vehiculum
764 3117 921 3199 inscendi,
945 3120 1115 3201 postquam
1136 3118 1168 3179 te
1190 3116 1337 3200 salutavi,
1361 3118 1423 3180 iter

282 3240 348 3281 non
379 3218 456 3281 adeo
486 3218 722 3281 incommodum
743 3240 802 3282 nos
832 3218 995 3299 fecimus⁵,
1020 3217 1075 3281 sed
1101 3218 1266 3300 paululum
1295 3219 1422 3301 pluviae

282 3321 403 3402 aspersi
419 3341 536 3382 sumus.
567 3319 628 3384 Sed
643 3320 830 3403 priusquam
852 3319 892 3382 ad
907 3319 1035 3381 uillam6
1056 3319 1211 3402 venimuS,
1236 3321 1423 3404 Anagniam

284 3421 476 3484 devertimus
488 3411 578 3484 mille
593 3422 660 3484 fere
675 3443 788 3504 passus
805 3443 823 3482 a
838 3421 899 3482 via.
924 3419 1048 3482 Deinde
1064 3419 1096 3482 id
1112 3421 1264 3503 oppidum
1279 3422 1422 3483 ant-ioum

282 3522 433 3605 vidimus,
468 3523 662 3586 minutulum
690 3522 817 3605 quidem
851 3522 906 3585 sed
933 3522 1051 3584 multas
1073 3544 1124 3584 res
1152 3523 1244 3584 inse
1273 3523 1422 3603 antiquas

281 3623 389 3705 habet,
415 3623 507 3686 aedes
531 3613 721 3707 sanctasque
745 3624 972 3687 caerimonias⁷
1002 3645 1098 3707 supra
1124 3624 1262 3687 modum,
1306 3623 1455 3714 Nullus,

283 3725 420 3808 angulus
442 3725 515 3806 fuit,
546 3725 601 3787 ubi
624 3725 790 3788 delubrum
813 3729 869 3788 aut
890 3726 1003 3788 fanum
1026 3728 1082 3787 aut
1102 3725 1259 3807 templum
1280 3747 1346 3789 non
1369 3727 1421 3788 sit.
1449 3748 1451 3751 ·

285 3864 486 3872 μ-.-

366 3944 383 3980 a
401 3931 434 3979 Ia
451 3933 576 3995 murpr'ne:
603 3932 643 3980 su
661 3939 751 3981 orator
769 3928 861 3998 audax
882 3929 912 3980 et
928 3929 1077 3982 verborum
1095 3926 1277 3980 translatione
1294 3943 1422 3996 progres-

281 4029 334 4078 sus,
353 4011 401 4065 sed
419 4027 436 4064 a
454 4010 633 4079 significando
652 4012 726 4080 quod
744 4013 803 4066 volt
820 4011 913 4079 eloqui
931 4029 1068 4079 nusquam
1087 4010 1267 4079 digrediatur.

367 4190 379 4236 1
398 4181 499 4251 Incipit
518 4182 583 4234 Cod.
603 4181 666 4235 Vat.
685 4188 783 4250 p.150.

366 4266 467 4321 2Cod.
490 4267 634 4320 mendose:
660 4286 739 4334 super
759 4271 854 4335 nequit.
898 4263 1024 4318 Correxit
1044 4264 1140 4317 Maius.
1182 4265 1333 4340 Praeterea
1354 4264 1422 4320 Eck·

249 4401 252 4417 ,
280 4353 395 4407 steinius
413 4350 565 4405 rectissime
590 4349 660 4405 vidit
681 4350 880 4419 interpolatum
902 4366 961 4404 esse
982 4369 1059 4418 posse
1084 4348 1112 4400 in
1136 4349 1228 4403 verbis
1251 4372 1324 4420 quam
1345 4372 1422 4420 posse

279 4443 409 4507 suspendi.

365 4519 465 4575 scod.
484 4538 526 4589 pr.
546 4538 582 4572 m.
603 4540 688 4573 ecre.

364 4612 380 4657 4
399 4603 499 4673 Incipit
517 4604 582 4657 Cod.
601 4604 691 4658 Vatia.
710 4623 737 4673 p.
753 4610 801 4658 149
818 4604 893 4657 lectu
911 4604 1038 4657 difficilis.

251 4759 259 4765 ἱ
366 4696 381 4742 5
400 4687 504 4741 Codex:
523 4710 573 4743 non
588 4694 701 4754 fecimus.
740 4686 866 4742 Correxit
883 4688 1064 4741 Ecksteinius.

366 4778 381 4825 6
400 4771 551 4840 Signinain,
570 4775 601 4826 ut
617 4772 691 4826 infra
708 4774 890 4840 cognoscitur.
928 4776 1023 4827 Maius.

366 4864 379 4912 7
400 4855 504 4910 Codex:
523 4863 684 4913 caerimonia.
