3300 5950
706 779 948 835 sannionum.
1114 763 1119 786 '
1333 784 1417 871 295ι

260 931 359 1004 Roas
376 967 402 1003 v.
422 950 471 1003 ult.
507 950 567 1003 Iam
584 949 689 1003 Alanus
712 951 859 1020 occuparit
876 952 1037 1006 emendare:
1067 952 1162 1007 mariti
1178 969 1233 1007 vox
1251 973 1296 1008 ore
1315 952 1397 1007 caris-

328 1034 396 1087 simo
415 1035 444 1088 et
461 1036 575 1104 pectore
592 1033 762 1088 iunctissime
780 1036 915 1105 profecta.

327 1136 461 1204 Reliquae
484 1134 566 1189 Alani
588 1135 762 1190 coniecturae
789 1136 941 1192 lectoribus
971 1138 1089 1192 fortasse
1118 1138 1209 1192 minus
1237 1139 1395 1208 placebunt.

258 1222 335 1274 Idem
358 1221 387 1273 in
406 1218 652 1274 observationibus
674 1218 703 1271 in
726 1221 787 1274 losa
805 1220 912 1288 aliquot
930 1221 1082 1290 Ciceronis,
1102 1240 1173 1291 quae
1191 1222 1314 1276 Dnblinii
1331 1241 1395 1292 pro·

260 1306 371 1359 dierunt
389 1321 461 1359 anno
482 1310 556 1370 1963,
575 1303 745 1359 emendavit:

258 1389 289 1443 P.
310 1395 357 1443 192
374 1408 400 1443 v.
421 1394 460 1443 16.
485 1389 572 1457 Lege:
590 1400 635 1441 arn
652 1406 735 1443 verae
753 1388 794 1443 rei
812 1395 900 1444 denstt
919 1393 968 1445 aut
985 1390 1101 1446 addidit.
1126 1392 1162 1446 Et
1179 1392 1221 1446 ita
1237 1392 1293 1447 iam
1310 1393 1395 1448 Hein-

327 1472 436 1527 dorfius.

257 1557 288 1609 P.
307 1563 356 1612 209
376 1575 399 1610 v.
421 1563 444 1610 9.
469 1557 558 1626 Lege:
577 1574 661 1626 quam
678 1557 737 1612 iure
756 1559 922 1628 supplicium
940 1566 992 1615 luit.

257 1642 287 1693 Ρ.
306 1647 355 1695 214
373 1661 397 1695 v.
418 1648 440 1695 1.
464 1641 552 1711 Lege:
576 1646 645 1711 quod
660 1648 732 1696 antee
751 1641 860 1698 divinae
878 1647 995 1699 naturae
1013 1645 1159 1715 proprium
1177 1647 1225 1699 est.

653 2004 996 2100 Corrigenda.
1065 2036 1068 2040 ’

323 2184 487 2256 Supersunt,
515 2189 546 2240 ut
567 2187 610 2254 fit,
632 2204 723 2257 pauca
745 2186 883 2253 quaedam
902 2185 1067 2254 corrigenda
1105 2186 1135 2240 P.
1156 2192 1187 2242 ll
1206 2204 1244 2241 vs.
1263 2194 1280 2241 4
1297 2187 1394 2241 vitium

256 2270 468 2339 typothetarum
491 2273 544 2338 est,
573 2290 638 2326 nam
661 2272 748 2325 codex
769 2289 825 2325 non
848 2270 935 2323 habet
957 2276 1026 2339 lupar
1043 2270 1092 2324 sed
1109 2276 1186 2338 tepet.
1215 2270 1251 2324 aeP.
1271 2276 1304 2325 36
1321 2279 1394 2327 vs.9

255 2353 429 2411 scribendum
448 2357 491 2409 est
506 2361 577 2423 feeit,
596 2372 651 2410 non
666 2347 746 2424 faeta·
768 2357 811 2410 est
829 2355 877 2408 illa
895 2355 969 2407 certe
990 2354 1098 2408 Codicis
1116 2354 1206 2409 lectio.
1243 2356 1393 2411 Praeterea

219 2476 222 2482 -
257 2438 359 2492 oblitus
382 2457 441 2493 sum
464 2458 577 2495 monere
601 2440 731 2495 Codicem
752 2437 841 2493 amico
864 2438 965 2492 diserte
983 2437 1139 2493 exhibuisse
1157 2458 1184 2508 p.
1204 2445 1220 2493 5
1237 2458 1262 2493 v.
1284 2446 1315 2492 12
1334 2448 1396 2509 qula

255 2540 310 2576 non
328 2530 409 2592 quod,
433 2544 460 2594 p.
480 2532 495 2579 6
514 2545 537 2580 v.
560 2532 589 2579 11
608 2544 649 2594 pr.
670 2544 705 2578 m.
725 2534 873 2593 tantopere,
897 2539 950 2577 sec.
969 2540 1006 2579 m.
1025 2534 1096 2578 tanto
1114 2543 1200 2591 opere,
1219 2541 1246 2593 p.
1268 2530 1315 2577 142
1334 2544 1357 2578 v.
1379 2531 1392 2578 1

255 2613 355 2661 litteras
372 2625 428 2662 non
445 2616 543 2673 literas,
561 2628 587 2680 p.
605 2616 654 2664 213
672 2628 697 2663 v.
711 2615 726 2662 6
742 2614 850 2677 precari
866 2625 922 2662 non
938 2613 1068 2675 praecari,
1086 2626 1124 2662 vs.
1140 2615 1172 2662 10
1191 2615 1252 2662 deos
1270 2610 1300 2662 et
1316 2614 1393 2663 torni·

255 2711 300 2744 nes
318 2707 373 2745 non
391 2698 453 2748 deos
470 2699 580 2749 tornines
598 2692 672 2748 etin
689 2691 815 2761 margine
838 2712 887 2761 ope
910 2707 966 2745 non
983 2712 1070 2760 opere.
1105 2692 1195 2747 Maius
1213 2692 1247 2747 de
1265 2693 1308 2746 his
1326 2693 1393 2747 loeis

255 2792 403 2844 perperam
421 2778 523 2833 retulit.

322 2860 430 2915 EMaii
446 2862 619 2929 lectionibus,
642 2862 676 2916 de
699 2862 798 2929 quibus
820 2860 925 2916 amisus
946 2860 1015 2915 nihil
1033 2860 1191 2929 adnotavit,
1219 2861 1298 2917 omisi
1321 2880 1392 2929 quae

255 2946 419 3012 sequuntur;
440 2946 571 3003 credibile
590 2948 633 3002 est
650 2947 691 3001 ita
708 2946 747 3001 in·
756 2946 856 3001 Codice
874 2945 943 3015 legi:

253 3063 283 3116 P.
311 3070 382 3118 trs.
401 3081 464 3133 pen.
493 3085 560 3119 crues.
597 3066 641 3120 Ita
657 3065 754 3132 Maius,
773 3066 822 3120 sed
839 3066 869 3119 in
886 3065 944 3119 eius
961 3065 1069 3119 schedis
1086 3084 1122 3119 es.

263 3155 325 3203 -16
355 3180 365 3188 -
402 3156 433 3204 19
483 3155 612 3217 sepelitur.
767 3150 832 3205 Cod.
853 3168 906 3205 seo.
923 3150 1028 3204 Maium
1044 3152 1184 3218 repellitur.

263 3239 364 3285 -21·
418 3238 435 3286 6
485 3239 583 3288 adhoc
798 3264 807 3274 ·
879 3265 889 3274 -
977 3265 987 3274 -
1039 3239 1139 3289 attor.

263 3323 365 3370 -24-
419 3324 434 3371 6
486 3323 599 3372 chartam
767 3306 806 3359 ⁸·
880 3349 889 3360 ·
977 3349 987 3358 ·
1040 3323 1161 3372 curetum.

262 3431 272 3440 -
292 3409 324 3456 27
355 3433 364 3440 -
400 3419 463 3471 pen.
483 3423 555 3471 quom
976 3433 986 3442 ·
1038 3421 1080 3472 pr.
1092 3421 1128 3456 m.
1140 3425 1198 3473 quo,
1211 3422 1264 3460 seu.
1280 3425 1315 3459 m.
1328 3426 1388 3460 curn.

263 3493 367 3541 ‚2g.

263 3576 366 3624 .qg.

128 3696 130 3705 .
237 3661 366 3711 ,·29-

264 3745 366 3793 .31.

263 3829 366 3878 ,35.

262 3914 363 3962 .36.

262 3999 364 4047 .37.

262 4081 363 4129 .40.

263 4167 365 4215 40.

262 4251 364 4300 42.

261 4335 363 4383 ,42.

261 4419 363 4468 .47.

262 4503 364 4551 .50.

263 4587 365 4636 .51.

262 4672 364 4720 .55.

261 4754 363 4804 ,55.

263 4839 363 4888 .5·1.

421 3494 436 3539 2
489 3493 620 3556 quaestori

403 3577 434 3624 12
485 3576 668 3625 Demosthenen

403 3661 435 3710 10
486 3661 573 3710 doram

403 3745 433 3794 11
486 3746 522 3794 ad
544 3745 667 3794 Graecam

417 3830 435 3877 4
486 3829 523 3878 At

401 3912 432 3961 18
483 3913 532 3962 Die
549 3921 652 3963 senatus

402 3997 432 4044 12
483 3999 587 4062 prodipr'

401 4082 432 4129 14
483 4081 684 4148 Adpropinquat

400 4178 464 4231 pen.
483 4167 616 4215 rrreditotus
634 4181 661 4215 es

400 4251 430 4298 11
484 4252 553 4315 quod
568 4250 693 4300 Hardea
797 4277 806 4286 -
877 4277 887 4286 -

400 4335 431 4383 19
480 4342 558 4398 putas

400 4420 431 4468 15
481 4419 584 4469 somniis

416 4504 434 4551 4
485 4504 521 4551 ad

417 4588 433 4635 3
485 4588 560 4636 otium

418 4670 431 4717 1
483 4673 642 4734 pompaticas

400 4754 431 4801 18
478 4755 576 4818 partim

399 4837 431 4886 10
482 4838 659 4888 Dominam-m.
677 4843 761 4890 soluta
796 4865 806 4874 -
877 4866 887 4875 ·

979 3516 988 3526 ·
1041 3495 1162 3556 questuri.

973 3599 983 3612 ·
1036 3577 1210 3628 Dernostenen.

877 3685 887 3694 ·
975 3685 985 3695 ·
1037 3676 1117 3712 orum.

977 3771 986 3779 ·
1039 3762 1056 3794 a
1074 3746 1183 3795 Graeca.

977 3855 987 3865 ·
1040 3830 1092 3880 Ad.

972 3940 982 3949 ·
1034 3915 1074 3964 De
1091 3923 1202 3964 senatus.

976 4025 986 4034 -
1038 4012 1080 4064 pr.
1100 4013 1136 4048 m.
1153 4001 1279 4064 prodloei.

974 4109 984 4118 ·
1037 4096 1079 4148 pr.
1098 4097 1134 4132 m.
1154 4085 1355 4149 Atpropinqaat.

978 4194 987 4202 -
1040 4169 1174 4218 meditatus
1191 4176 1237 4220 est.

976 4276 985 4286 ·
1038 4263 1133 4302 seam.
1146 4254 1389 4316 qaodinHeroden.

975 4361 985 4371 ·
1038 4348 1092 4385 sec.
1111 4349 1148 4386 m.
1164 4343 1248 4401 putes.

974 4444 985 4454 ·
1036 4422 1136 4471 somna.

974 4529 984 4538 ·
1037 4512 1073 4555 at.

976 4612 986 4622 -
1037 4602 1079 4654 pr.
1099 4602 1135 4638 m.
1155 4597 1181 4639 et
1198 4591 1281 4641 otium.

976 4697 985 4708 ·
1038 4686 1080 4737 pr.
1100 4687 1136 4723 m.
1156 4678 1317 4738 ponpatteas.

976 4782 985 4791 -
1035 4758 1139 4820 patrina.

975 4867 985 4877 -
1037 4843 1143 4892 Domine
1159 4858 1189 4892 m.
1206 4847 1296 4893 salute.
