3300 5950
444 778 493 834 An
512 777 732 835 Auxoumun
750 778 822 835 ine.
842 779 890 834 ar
908 749 1061 834 murcia
1077 776 1186 834 aman
1203 780 1223 834 r.
1367 782 1407 848 97

264 959 379 1019 senatu
400 952 587 1018 habuisti1?
614 955 649 1018 in
671 976 734 1037 qua
757 976 830 1017 cum
851 953 994 1037 imagine
1016 952 1147 1016 utriculi
1170 953 1210 1015 ad
1227 953 1408 1036 exemplum

264 1058 570 1124 adcommodandum
598 1078 673 1120 usus
700 1078 795 1139 esses,
826 1056 920 1119 anxie
942 1054 1109 1137 verebare,
1145 1076 1186 1118 ne
1213 1076 1328 1138 parum
1348 1076 1407 1138 pro

262 1160 324 1223 loci
347 1164 380 1223 et
402 1160 522 1223 ordinis
537 1158 696 1243 dignitate
716 1160 775 1239 τὴν
791 1153 899 1225 ἐἰκόνα
920 1179 1117 1241 usurpasses,
1140 1178 1254 1240 meque
1270 1158 1408 1241 primam

263 1262 352 1325 illam
373 1262 608 1346 longiusculam
631 1261 671 1324 ad
692 1261 744 1324 te²
765 1259 937 1344 epistulam
959 1260 1135 1343 scripsisse,
1164 1280 1227 1341 qua
1248 1258 1292 1342 id,
1323 1260 1408 1343 quod

264 1385 314 1427 res
337 1367 396 1447 est,
432 1363 623 1447 augurabar,
652 1361 764 1446 magni
785 1362 899 1446 ingeni
926 1362 1057 1445 signum
1089 1382 1158 1424 esse
1186 1361 1226 1423 ad
1255 1362 1408 1425 eiusmodi

264 1466 497 1529 sententiarum
523 1464 667 1549 pericula
689 1463 854 1527 audaciter
879 1462 1046 1548 adgredi⁸,
1076 1463 1130 1525 sed
1152 1462 1237 1545 quod
1264 1484 1301 1526 eo
1328 1485 1407 1547 opus

264 1570 357 1651 esset,
380 1571 436 1630 tuo
451 1569 484 1629 te
500 1566 604 1630 studio
627 1568 660 1629 et
681 1566 839 1629 nonnulla
860 1567 972 1629 nostra
994 1586 1091 1648 opera
1114 1550 1348 1648 adsecuturum,
1371 1567 1409 1628 ut

263 1669 362 1752 digna
383 1668 485 1731 tantis
507 1668 676 1731 sententiis
699 1668 868 1731 verborum
889 1668 1012 1731 lumina
1026 1667 1194 1750 pararesb3
1222 1667 1306 1751 quod
1320 1688 1408 1731 nunc

262 1770 350 1833 vides
372 1770 567 1853 provenisse,
598 1772 631 1832 et
653 1791 846 1852 quamquam
871 1791 937 1834 non
967 1790 1093 1853 semper
1115 1790 1154 1832 ex
1182 1769 1313 1832 summis
1341 1770 1408 1852 opi-

262 1872 322 1934 bus
359 1872 399 1934 ad
432 1872 655 1955 eloquentiam,
682 1870 863 1955 velificaris,
900 1874 1011 1935 tamen
1048 1869 1207 1955 sipharis³
1243 1875 1275 1935 et
1311 1871 1408 1934 remis
1450 1860 1470 1958 ’ἱ

262 1972 423 2036 tenuisse⁴1
445 1974 518 2056 iter,
549 1976 645 2057 atque
667 1976 704 2036 ut
724 1974 865 2057 primum
887 1973 957 2037 vela
983 1974 1125 2057 pandere
1152 1973 1327 2037 necessitas
1349 1974 1407 2035 im·

261 2075 354 2159 pulit,
379 2075 482 2139 omnis
505 2075 705 2159 eloquentiae
727 2076 896 2159 studiosos,
926 2078 963 2138 ut
990 2074 1111 2139 lembos
1138 2076 1171 2138 et
1193 2073 1331 2159 celocas,
1360 2075 1408 2138 fa-

263 2178 323 2241 cile
345 2176 557 2260 praetervehi.

346 2277 437 2342 Haec
458 2283 495 2343 ut
516 2279 689 2344 scriberem
709 2279 883 2363 productus
906 2301 977 2342 sum
997 2276 1153 2394 ppoxpma
1179 2277 1317 2363 epistula
1338 2282 1405 2362 tua,

264 2403 328 2465 qua
363 2381 521 2464 scripsisti
560 2381 737 2446 exolescere
772 2380 931 2466 paulatim
969 2363 1186 2481 qussmque
1227 2381 1407 2465 didicisses3

262 2482 342 2547 mihi
370 2486 477 2546 autem
498 2504 587 2547 nune
621 2505 692 2547 cum
718 2485 857 2548 maxime
890 2483 1002 2547 florere
1030 2506 1111 2567 quae
1138 2483 1278 2549 didicisti
1311 2487 1407 2567 atque
1522 2507 1525 2513 ·

263 2585 441 2649 adolescere
463 2585 621 2651 videntur.
666 2588 721 2653 An
742 2609 857 2670 parum
885 2585 1122 2669 animadvertis,
1152 2589 1273 2669 quanto
1302 2587 1407 2650 studio

263 2691 449 2771 quantoque
472 2687 583 2753 favore
607 2692 639 2753 et
660 2688 824 2773 voluptate
852 2688 1012 2752 dicentem
1039 2690 1072 2751 te
1102 2687 1212 2752 audiat
1233 2692 1364 2752 senatus
1381 2689 1407 2772 15

262 2790 460 2873 populusque
488 2790 663 2861 romanus?
697 2794 729 2854 et
762 2790 902 2874 spondeo
909 2785 920 2872 ,‘
954 2792 1075 2872 quanto
1103 2790 1230 2874 saepius
1258 2790 1405 2872 audierit,

262 2893 355 2954 tanto
377 2891 569 2976 flagrantius
593 2894 745 2956 amavit.⁶
786 2892 839 2956 Ita
860 2892 963 2955 multa
985 2894 1019 2955 et
1040 2895 1135 2976 grata
1163 2895 1242 2955 sunt
1263 2892 1406 2977 ingenii⁷

263 2996 296 3056 et
328 2994 392 3057 oris
418 2996 451 3056 et
483 2996 569 3059 vocis
599 2998 632 3058 et
667 2995 838 3059 facundiae
871 2997 946 3058 tuae
977 2994 1201 3059 delenimenta.
1246 2993 1407 3058 Nimirum

263 3096 430 3180 quisquam
463 3097 661 3182 superiorum
693 3097 939 3180 imperatorum5
985 3096 1220 3180 superioribus8
1251 3099 1338 3161 enim
1374 3101 1406 3161 te

348 3350 366 3388 a
383 3339 417 3389 In
434 3341 559 3405 racrpine:
576 3335 745 3405 Augurabar
762 3334 859 3404 magni
877 3365 910 3373 -
927 3334 1062 3390 audacter
1081 3337 1138 3404 (ric)
1154 3325 1282 3404 ¹adgredi.

348 3420 367 3473 b
385 3425 419 3474 In
436 3428 562 3491 marpine:
579 3421 619 3475 Ut
636 3421 722 3490 digna
738 3420 829 3475 isdem
848 3421 996 3475 verborum
1013 3419 1118 3474 lumina
1134 3437 1258 3489 parares.

349 3665 362 3711 1
383 3659 415 3712 cf.
436 3658 473 3712 ad
489 3658 526 3713 M.
547 3659 623 3714 Caes.
643 3660 718 3726 III,8
737 3661 765 3717 00
782 3659 815 3727 V,
830 3665 903 3713 1-4.
928 3718 931 3726 Δ

348 3751 363 3798 2
383 3743 489 3798 Codex:
507 3764 545 3798 se.
580 3744 644 3798 Non
662 3745 739 3798 extat
755 3744 804 3798 illa
822 3742 948 3814 epistola.

347 3837 363 3883 3
381 3828 547 3883 Rectissime
564 3829 701 3898 scriptura
719 3846 736 3883 a
753 3845 855 3898 graeco
868 3829 992 3896 (ίφαροε.
1018 3829 1111 3896 Atque
1128 3829 1169 3883 ita
1186 3829 1307 3884 scribere
1325 3846 1406 3900 opor-

263 3916 313 3981 tet,
331 3929 386 3967 non
403 3934 543 3982 supparum
560 3915 606 3968 vel
621 3934 751 3982 supparus
769 3913 855 3968 eciam
872 3914 948 3983 apud
964 3913 1034 3967 alios
1046 3915 1180 3969 auctores.
1209 3915 1281 3969 Sane
1292 3923 1406 3984 siparum

263 3998 367 4067 legitur
383 3997 412 4050 in
429 3997 543 4052 Manilio
561 3997 593 4066 V,
605 4005 647 4066 49,
665 3999 837 4053 Tertulliano
849 3999 929 4068 Apol.
950 4016 972 4051 c.
988 4005 1027 4066 16,
1045 4005 1075 4052 00
1091 3999 1132 4053 ita
1148 3999 1255 4053 habent
1270 4001 1405 4069 pleraque

263 4083 362 4136 Isidori
374 4082 544 4151 exemplaria
556 4083 624 4153 orig.
637 4083 708 4150 XIX,
719 4091 744 4150 3,
762 4085 834 4137 teste
846 4083 974 4137 Arevalc.
997 4083 1074 4139 Haec
1086 4090 1181 4151 Maius,
1199 4084 1247 4152 qui
1257 4086 1407 4153 praeterea

264 4169 381 4222 miratur
398 4167 555 4236 Arrianum,
573 4169 648 4237 apud
666 4185 749 4237 quem
765 4168 872 4224 scilicet
888 4168 975 4223 tibiae
987 4185 1075 4238 genus
1092 4169 1157 4224 erit:
1177 4163 1356 4236 βυθιζομένοῢ
1374 4173 1405 4224 δὲ

263 4259 315 4308 τοῦ
335 4253 445 4321 πλοίου,
464 4254 495 4308 ct
514 4271 559 4320 μοι
577 4255 728 4321 παρελθὼν
747 4255 870 4322 ἐπαίρει(
887 4256 955 4308 τοὺ(
974 4255 1118 4322 (ternpore
1138 4257 1213 4309 εῑδο(
1231 4256 1329 4308 αὐλοί).
1364 4255 1406 4308 In-

263 4339 493 4407 terpretationem
510 4338 564 4392 hoc
580 4339 664 4393 modo
683 4338 865 4408 corrigemus:
885 4342 959 4394 etto(
977 4341 1103 4394 ctlctou.
1134 4339 1291 4394 Fideiussor
1308 4340 1405 4393 l'estus

265 4423 329 4476 erit:
348 4427 475 4492 siparium
493 4439 548 4492 quo
565 4422 595 4477 in
612 4424 700 4478 scenis
717 4423 796 4478 mimi
813 4426 929 4478 utuntur
946 4456 979 4464 -
997 4425 1204 4480 aliasaulaeam.

348 4514 365 4561 4
381 4509 469 4562 Paulo
486 4507 589 4563 rectius
606 4510 722 4565 fortasse
740 4509 882 4564 videbitur
899 4522 925 4564 ce
942 4517 1062 4566 tenuare.

349 4598 365 4646 ὁ
382 4592 483 4662 Incipit
500 4592 566 4649 sod.
586 4593 675 4650 Vatic.
694 4614 721 4665 p.
735 4601 776 4650 82.

348 4683 364 4730 6
381 4677 488 4746 Nempe
506 4695 557 4747 pro
576 4684 675 4737 amabit.
758 4734 761 4739 .

349 4768 363 4817 7
382 4762 508 4816 Alterum
526 4769 537 4817 i
552 4781 625 4833 supr.
644 4765 691 4819 lin.

348 4854 364 4902 8
382 4843 487 4901 Codex:
505 4854 709 4918 imperatoritrcr.
746 4847 873 4906 Correxit
890 4850 1058 4921 Schopenus

299 4968 398 5005 FRON'I'.
415 4971 450 5005 ur
462 4969 562 5007 Auum„
577 4971 666 5008 ΕΡΙΒΤ.
1182 4942 1200 5003 7
