3300 5950
640 788 688 841 AD
707 787 840 842 AMIOOS
857 787 964 842 LIBER
982 790 1015 841 ll.
1336 792 1397 857 195

258 959 375 1021 minia¹
398 958 498 1039 feriri,
523 962 679 1040 quantum
702 958 837 1046 dedecus
853 962 901 1022 est
923 960 1020 1041 plena
1035 958 1144 1021 liberis
1167 980 1204 1021 ac
1225 960 1396 1041 nepotibus

258 1061 350 1123 domo
372 1060 507 1123 iufamia
528 1061 644 1142 notari,
671 1060 759 1123 cuius
781 1059 934 1123 infamiae
958 1072 1111 1143 aspergoa
1131 1060 1281 1142 inquinat
1302 1060 1397 1125 simul

258 1161 375 1225 multos
398 1165 431 1225 et
452 1162 649 1225 dedecoratl.

344 1262 433 1327 Sicut
455 1285 521 1327 non
544 1264 653 1327 eadem
677 1262 781 1326 clades
804 1264 909 1325 estin
931 1263 1052 1345 proelio
1074 1284 1174 1326 unum
1190 1263 1328 1345 equitem
1343 1264 1396 1326 ob-

258 1366 403 1427 truncari
432 1366 464 1428 et
490 1365 654 1428 triremem
681 1363 819 1446 frangi0.
865 1362 931 1425 Tur
957 1416 962 1429 .
989 1413 995 1426 .
1022 1364 1050 1427 ,²
1074 1367 1196 1427 armato
1226 1414 1233 1426 .
1259 1414 1266 1426 .
1298 1369 1330 1428 et
1355 1415 1361 1427 .
1389 1415 1395 1427 .

259 1466 1162 1549 remisvero..perierit............,.³
1204 1464 1306 1549 Leges
1332 1466 1397 1549 ple-

258 1588 373 1649 raeque
396 1589 532 1650 poenam
560 1568 765 1630 sanciverunt
773 1568 796 1653 {¹7
826 1587 868 1628 ne
891 1566 969 1648 quis'
984 1566 1129 1654 arborem
1150 1566 1277 1629 felicem
1299 1569 1398 1630 succi·

258 1668 356 1731 disset
364 1669 384 1730 ⁵.
420 1666 585 1742 Quaenam
608 1671 656 1732 est
678 1667 799 1731 arboris
828 1666 991 1730 felicitas?
1013 1667 1251 1729 rami⁶feoundi
1274 1671 1307 1730 et
1332 1668 1398 1731 fru-

258 1769 369 1852 giferi,
404 1770 493 1832 bacis
525 1770 690 1853 pomisque
718 1768 835 1847 onusti.
893 1767 996 1831 Nemo
1026 1789 1163 1831 cannam
1191 1767 1398 1832 et⁷harundi

258 1891 342 1951 nem,
367 1871 511 1953 quamvis
533 1890 715 1953 proceram,
750 1868 867 1932 dixerit
887 1867 1024 1931 felicem.
1071 1869 1257 1951 Aequiusne
1279 1872 1328 1932 est
1350 1891 1398 1932 ar-

257 1971 387 2034 boribus
409 1970 523 2034 honori
546 1974 641 2053 atque
663 1970 783 2034 tutelae
805 1992 900 2053 poma
919 1972 951 2032 et
966 1970 1062 2033 bacas
1085 1991 1162 2049 esse,
1187 1992 1283 2052 quam
1298 1970 1398 2034 homi-

257 2072 352 2135 nibus
374 2072 490 2135 liberos
512 2069 752 2153 nepotesqued?
786 2119 1058 2135 .........
1086 2072 1109 2150 {⁸
1127 2120 1300 2134 ......
1332 2071 1399 2155 glo-

259 2173 316 2234 bus
340 2173 482 2255 equitum
503 2170 736 2255 Romanorum,
766 2194 841 2254 pars
865 2172 970 2235 curiae
991 2172 1026 2234 in
1054 2192 1119 2234 uno
1146 2171 1275 2235 homine
1305 2172 1399 2235 deho-

258 2274 423 2336 nestatur⁹
428 2323 601 2337 ......
645 2272 731 2336 Raro
754 2295 905 2355 umquam
932 2275 981 2336 tot
1004 2272 1098 2335 simul
1121 2273 1227 2356 capita
1250 2274 1288 2336 de
1311 2274 1400 2337 caelo

257 2378 346 2438 tacta
368 2378 460 2456 sunt,
491 2378 568 2457 quot
589 2378 625 2436 tu
654 2374 907 2438 condemnasti¹⁰
922 2424 1127 2437 .......
1173 2373 1231 2436 Ille
1254 2375 1307 2457 qui
1330 2396 1398 2438 esse

257 2498 353 2558 quam
372 2475 470 2538 videri
485 2476 587 2538 bonus
606 2475 730 2556 maluit,
754 2475 894 2538 fortunis
909 2497 1023 2558 parum
1037 2476 1198 2559 prosperis
1213 2496 1289 2537 usus
1306 2475 1396 2538 est¹¹.

260 2627 465 2640 .......
511 2576 631 2640 Verum
654 2581 703 2640 est
729 2576 830 2659 illurn,
854 2576 908 2658 qui
935 2577 1119 2659 opinionem
1140 2577 1269 2640 virtutis
1290 2577 1398 2660 negle-

257 2681 324 2761 gat,
348 2680 452 2762 ipsam
474 2700 597 2761 quoque
620 2678 791 2762 neglegere
807 2677 1007 2759 virtutem¹23
1030 2700 1133 2761 neque
1155 2678 1323 2760 quisquam
1345 2678 1397 2741 bo-

341 2881 358 2917 a
376 2867 409 2916 In
427 2869 554 2931 nrorpz'ae:
573 2863 649 2916 Haec
667 2879 785 2931 aspergo
803 2880 919 2917 numero
939 2862 1081 2929 singulari.

342 2948 360 3000 b
380 2952 413 3001 In
430 2955 556 3016 margine:
575 2946 638 3000 Non
655 2946 730 3000 idem
748 2978 779 2986 -
799 2945 957 3001 dedecorat.

343 3050 357 3084 c
375 3036 408 3084 In
427 3038 554 3097 margine:
571 3031 635 3085 Non
652 3031 727 3084 idern
745 3032 787 3083 est
804 3030 833 3082 in
850 3031 955 3098 proelio
976 3062 1003 3070 —
1024 3031 1124 3098 frangi.

341 3116 359 3168 d
379 3120 410 3168 ln
422 3107 548 3183 margine:
565 3114 654 3183 Leges
665 3114 815 3182 pleraeque
828 3131 919 3182 paena
931 3115 1059 3169 sanciunt
1070 3133 1104 3168 ne
1123 3114 1184 3181 quis
1197 3115 1304 3168 felicem
1318 3117 1398 3170 arbo-

257 3217 316 3253 rem
338 3199 468 3253 succidat.
505 3198 535 3262 Q.
561 3216 583 3252 e.
604 3215 628 3253 a.
648 3199 683 3251 f?
711 3199 781 3253 rami
803 3199 821 3252 f.
843 3200 871 3253 et
888 3199 906 3252 f.
926 3198 1003 3252 bacis
1025 3202 1054 3253 et
1075 3200 1164 3269 pomis
1183 3216 1207 3252 o.
1227 3199 1260 3253 N.
1281 3217 1397 3270 cammm

258 3285 329 3338 eth.
350 3303 376 3352 q.
395 3302 422 3352 p.
441 3283 550 3336 felicem
568 3281 674 3335 dixerit.
710 3283 742 3335 A.
763 3300 785 3336 e.
806 3314 836 3322 —
855 3284 1044 3353 nepotesque?

342 3461 355 3507 1
373 3454 415 3507 De
434 3454 517 3506 verbo
535 3453 588 3506 hoo
605 3470 655 3520 pro
675 3456 779 3518 infamia
796 3451 889 3520 posito
907 3470 932 3505 v.
946 3452 1065 3506 Brisson.
1085 3453 1120 3506 de
1132 3452 1216 3506 Verb.
1236 3452 1312 3521 Sign.
1331 3455 1395 3508 bv.

256 3544 444 3593 Ber-olirrenses.

341 3629 356 3676 2
375 3622 488 3691 Septem
505 3638 599 3675 versus
617 3619 766 3688 perierunt.

341 3715 356 3760 3
375 3706 444 3760 Octo
462 3722 556 3759 versus
574 3703 723 3773 perierunt.

340 3798 356 3843 4
375 3790 456 3844 Cod:
475 3812 522 3844 scm
538 3832 690 3843 ........
722 3788 810 3843 Maius
828 3790 921 3858 posuit
942 3789 970 3842 in
993 3791 1071 3844 textu
1089 3790 1238 3844 lectionem
1256 3790 1396 3859 marginis.

342 3882 356 3928 5
375 3874 532 3942 Sequuntur
545 3875 676 3941 quattuor
687 3874 845 3927 litterarum
857 3872 1023 3941 vestigia-
1034 3872 1073 3926 of.
1084 3874 1191 3942 Digest.
1202 3873 1308 3928 XLVII.
1324 3881 1347 3928 7.
1361 3882 1395 3941 3.,

256 3960 357 4014 Paulus
381 3958 413 4012 V.
434 3965 475 4011 20.
512 3963 606 4013 Maiae⁴

341 4049 356 4096 6
376 4041 467 4096 Codex
486 4038 576 4095 addit:
600 4040 711 4095 SOLLE
731 4085 756 4096 ..
787 4043 961 4097 Ecksteinius
980 4044 1136 4112 suspicatur
1153 4050 1251 4097 scilicet
1270 4045 1397 4111 supplen-

210 4177 213 4183 .
257 4129 322 4182 dum
341 4144 409 4182 esse.

340 4220 355 4267 7
374 4210 477 4265 Codex:
498 4210 595 4266 CANN
614 4253 620 4266 .
642 4254 646 4263 .
667 4255 673 4264 .
692 4211 749 4265 UIS
771 4255 775 4264 .
796 4252 802 4263 .
822 4255 827 4264 .
846 4213 879 4265 ’N
894 4255 898 4266 .
914 4255 940 4265 ..
978 4212 1041 4266 Non
1059 4212 1184 4266 divinare
1202 4211 1397 4279 possumquid

255 4299 353 4352 lateat.
388 4296 563 4350 Postremum
580 4296 747 4350 vocabulum
765 4296 891 4364 suspicor
909 4314 969 4351 esse
987 4316 1066 4352 nemo.
1295 4361 1299 4366 .

340 4389 355 4436 8
374 4381 503 4446 Sequitur
526 4380 591 4434 Cod.
615 4399 642 4450 p.
662 4387 720 4434 303.
756 4381 787 4433 Iu
810 4382 935 4435 extrema
957 4397 1023 4449 pag.
1043 4386 1093 4433 304
1110 4381 1168 4433 tres
1192 4395 1286 4432 versus
1309 4380 1397 4446 perie-

255 4468 326 4519 runt.
368 4465 503 4532 Pleraque
523 4463 616 4518 omnia
632 4465 662 4517 in
679 4482 744 4533 pag.
764 4471 813 4520 303
832 4483 865 4519 ex
883 4465 1009 4532 margine
1028 4466 1098 4517 sunt.

339 4557 354 4603 9
373 4549 394 4601 Ε
413 4547 540 4615 margine
558 4547 707 4616 superiore.

326 4642 355 4687 10
373 4633 395 4685 l}
413 4631 540 4700 margine
558 4631 707 4701 superiore.

324 4727 353 4771 11
373 4717 395 4769 Ε
413 4715 540 4784 margine
557 4716 657 4771 medie.

324 4811 354 4857 1⁴2
373 4803 394 4855 ll
413 4802 539 4870 margine
560 4801 697 4856 inferiore.
