3300 5950
470 761 519 814 AD
537 761 573 815 M.
596 760 787 815 CAESAREM
804 762 852 815 ΕΤ
872 762 1023 816 INVlCEM
1041 764 1149 817 LIBElt
1166 765 1186 817 l.
1383 772 1405 834 5

261 932 360 996 simus
383 935 478 1017 atque
500 932 681 996 carissimus
704 932 798 996 mihi:
828 934 935 997 valeat
961 957 1086 1019 semper
1113 936 1242 1021 integro
1268 938 1404 1003 inlibato

261 1035 414 1100 incolumi
438 1056 594 1117 corpores
608 1035 713 1100 valeat
739 1036 789 1101 ¹ut
809 1057 935 1103 mecum
956 1058 1024 1100 esse
1047 1038 1157 1121 possit.
1203 1038 1308 1104 Homo
1331 1065 1403 1108 san-

262 1137 413 1221 ctissime,
436 1136 517 1203 vale.
1018 1154 1024 1165 '

547 1394 620 1459 III.
655 1395 833 1480 ²(daesari
857 1392 928 1461 Suo
951 1396 1114 1482 Fronto.)

345 1547 409 1629 Tu,
434 1547 567 1629 Caesar,
591 1546 786 1611 Frontonem
808 1550 906 1612 istmn
929 1553 1020 1612 tuum
1043 1550 1111 1613 sirie
1133 1552 1197 1614 fine
1221 1575 1325 1636 amas,
1349 1558 1401 1618 vix

259 1653 297 1711 ut
319 1649 378 1712 tibi
400 1648 522 1740 homini
544 1647 774 1711 facundissimo
795 1650 894 1713 verba
917 1650 1082 1714 sufficiant
1097 1653 1136 1715 ad
1152 1656 1401 1736 expromendum

260 1771 399 1814 amorem
420 1752 512 1813 tuum
528 1752 560 1813 et
575 1749 825 1813 benivolentiam
842 1751 1077 1815 declarandam.
1113 1752 1205 1833 Quid,
1228 1759 1341 1838 orote,
1362 1756 1367 1841 Ι
1389 1758 1402 1795 ²⁵

259 1851 483 1933 fortvmatiusl,
513 1851 589 1934 quid
610 1872 661 1913 me
683 1874 748 1915 uno
770 1853 896 1916 beatius
925 1875 993 1916 esse
1020 1854 1149 1937 potest?
1186 1856 1225 1918 ad
1248 1877 1342 1938 quem
1364 1861 1400 1921 tu

258 1955 326 2015 tam
347 1951 527 2035 fraglantes
549 1952 674 2015 litteras
696 1954 809 2018 mittis.
855 1953 1077 2036 Quinetiam,
1108 1956 1191 2038 quod
1219 1959 1268 2020 est
1295 1958 1400 2021 ⁵ama-

256 2057 363 2124 torum
385 2054 560 2137 proprium,
585 2075 711 2118 currere
734 2054 774 2117 ad
796 2076 847 2118 me
869 2056 916 2119 vis
940 2058 972 2118 et
994 2056 1109 2119 volare.

342 2153 431 2219 Solet
452 2177 523 2218 mea
545 2155 684 2218 Domina
711 2178 828 2240 parens
856 2160 911 2219 tna
939 2158 1100 2220 interdum
1128 2158 1252 2221 6iocose
1283 2159 1397 2242 dicere,

257 2280 291 2320 se
313 2255 390 2319 mihi
413 2257 496 2339 quod
519 2279 537 2319 a
559 2259 591 2320 te
613 2259 705 2320 tanto
728 2278 822 2341 opere
845 2257 962 2342 diligar
975 2258 1127 2344 invidere.
1167 2257 1248 2332 duic
1271 2260 1298 2322 si
1320 2259 1399 2325 istas

257 2357 382 2421 litteras
404 2361 476 2420 tuas
499 2357 630 2442 legerit,
661 2359 774 2441 quibus
797 2359 911 2441 pedem
933 2359 1031 2422 etiam
1053 2381 1111 2442 pro
1133 2359 1236 2423 salute
1258 2378 1330 2425 mea
1346 2364 1398 2425 ad-

257 2481 351 2523 vocas
374 2461 406 2522 et
427 2459 593 2541 precaris?
629 2460 728 2524 Ome
751 2460 895 2522 beatum!
925 2460 993 2523 ⁷ort
1010 2509 1148 2524 ......
1158 2471 1174 2523 ’.
1200 2464 1398 2527 commenda-

258 2562 343 2623 tum!
379 2560 522 2625 Putasne
544 2562 628 2625 ullus
651 2561 739 2624 dolor
760 2563 930 2644 penetrare
953 2562 1033 2625 sciat
1056 2583 1168 2645 corpus
1185 2565 1241 2625 aut
1257 2564 1399 2627 ammum

256 2661 386 2725 meum?
422 2666 614 2745 praetante
636 2662 754 2747 gaudio
775 2669 977 2745 prosiluerim.

341 2761 446 2845 Babe,
481 2785 540 2827 nec
568 2763 657 2827 doleo
685 2764 750 2826 iam
772 2763 954 2847 quicquam.
999 2769 1100 2841 Bate,
1126 2763 1260 2847 Caesar,
1293 2766 1396 2850 vigeo,

190 2919 196 2932 ,
256 2865 362 2946 valeo,
387 2865 510 2947 exulto,
534 2886 596 2948 quo
617 2865 665 2928 vis
687 2865 829 2947 veniam,
854 2886 916 2948 quo
938 2865 985 2928 vis
998 2850 1143 2928 cimam.
1190 2865 1288 2931 Crede
1310 2867 1397 2931 istud

210 2987 214 2995 ·
255 2965 346 3049 mihi,
369 2968 462 3030 tanta
484 2989 535 3030 me
557 2965 682 3029 laetitia
703 2966 879 3050 perfusum,
903 2969 941 3029 ut
962 2966 1137 3030 rescribere
1159 2967 1219 3030 tibi
1241 2967 1315 3032 ilico
1330 2991 1396 3033 non

255 3067 430 3150 potuerim:
453 3069 507 3132 sed
530 3089 583 3130 eas
606 3068 733 3151 quidem
755 3067 891 3148 litterae,
914 3088 993 3149 quas
1016 3068 1208 3150 adpriorem
1226 3069 1395 3151 epistulam

326 3265 338 3310 l
358 3256 462 3311 Codex:
480 3263 513 3316 et,
533 3253 607 3321 quod
625 3252 778 3306 emendavi.
814 3252 851 3304 Et
868 3251 909 3305 ita
927 3251 1095 3320 Scliopenns.

324 3348 339 3395 2
358 3339 465 3394 Titulus
484 3354 539 3391 non
557 3336 623 3390 satis
643 3336 733 3390 certus
752 3337 807 3401 est3
825 3335 969 3404 praecedit
986 3335 1108 3404 spatium
1128 3336 1213 3390 triiun
1230 3354 1366 3392 versuum.

325 3433 340 3480 3
358 3423 459 3493 Incipit
477 3421 543 3476 Cod.
562 3421 689 3473 Ambros.
708 3439 735 3489 p.
750 3427 790 3486 99,
809 3437 880 3488 quae
899 3419 1016 3473 difficilis
1033 3420 1107 3474 lectu
1126 3422 1176 3474 est.
1200 3423 1202 3427 '

323 3508 530 3564 4Heind0rfius
548 3505 678 3559 coniecit:
697 3525 734 3558 me
750 3510 914 3571 sorrvrnatius.

324 3595 388 3648 5111
404 3591 539 3646 vocabulo
557 3600 695 3644 amatorum
712 3589 820 3643 mediae
837 3589 948 3642 litterae
967 3595 1143 3643 evanuerunt.

323 3718 340 3764 6
357 3711 445 3764 Maius
462 3716 542 3764 ioco..
564 3707 643 3773 Quod
661 3722 713 3775 ego
733 3706 805 3772 dedi,
824 3706 883 3760 erui
901 3705 1036 3760 cCodicis
1053 3706 1183 3760 lectione:
1208 3681 1298 3761 rovira
1310 3752 1315 3761 .
1327 3729 1393 3764 vere.

254 3799 287 3851 ln
299 3814 357 3851 voc.
373 3815 451 3864 opere
462 3813 503 3864 pr.
518 3793 571 3847 litt.
586 3794 628 3847 est
637 3809 710 3861 supr.
724 3791 771 3846 lin.
795 3792 946 3845 Praeterea
957 3790 1060 3858 legitur
1074 3795 1140 3855 Quid
1150 3791 1180 3856 si,
1198 3809 1254 3845 non
1267 3795 1346 3857 Quod,
1364 3797 1396 3847 ut

254 3881 344 3936 Maius
357 3880 486 3934 affirmat.
510 3883 650 3932 Praeearis
667 3893 717 3945 pro
728 3881 850 3928 Preeartr
867 3876 1032 3944 perpetuum
1045 3877 1093 3929 est.
1119 3875 1295 3929 Eichstadius
1308 3878 1396 3931 credit

255 3965 361 4033 aliquid
386 3961 556 4017 intercidisse
578 3963 642 4031 post
662 3967 753 4029 pedem
775 3967 850 4014 etiam
876 3960 905 4013 et
926 3958 1036 4013 videtur
1064 3976 1130 4013 sane
1152 3959 1227 4014 locus
1250 3964 1395 4030 corruptus

255 4067 324 4116 esse,
342 4049 391 4102 sed
407 4047 484 4101 nulla
502 4048 545 4101 est
561 4045 661 4099 lasuna
677 4044 706 4097 in
724 4043 833 4098 Codice.

324 4131 432 4186 'lHaee
454 4131 547 4186 omnia
573 4147 658 4198 usque
681 4129 717 4182 ad
739 4133 901 4197 prosiluerant
923 4146 985 4180 cum
1006 4127 1080 4181 Maio
1104 4128 1175 4182 dedi.
1214 4128 1258 4181 Du
1275 4129 1345 4182 ltien
1367 4131 1395 4183 in

255 4217 357 4272 Codice
384 4214 520 4269 distinxit:
551 4213 656 4267 carl.
673 4256 677 4265 .
692 4212 863 4269 crasson.
879 4255 884 4265 .
898 4211 1027 4265 Dnrvor
1054 4212 1082 4266 et
1105 4211 1233 4266 vocabuli
1256 4226 1395 4281 penetrare
1456 4209 1460 4217 ’

254 4304 312 4357 tres
329 4302 433 4370 primas
450 4299 570 4365 litteras;
596 4299 744 4367 praeterea
767 4296 843 4349 nihil.
884 4295 1006 4350 Conieci:
1035 4299 1110 4350 Ome
1133 4300 1230 4349 beatum
1251 4298 1394 4352 mortalem

253 4387 296 4440 ita
313 4391 531 4440 commendatum.
570 4383 729 4451 Sohopenus
754 4380 862 4434 scribit:
885 4401 930 4434 ore
953 4391 995 4434 tuo
1018 4385 1281 4434 disseminandorum.
1320 4382 1394 4436 Alte-

254 4489 316 4524 rum
334 4474 405 4523 Bate
424 4471 582 4523 coniectura
597 4467 761 4520 Buttrnanni
778 4467 831 4519 est:
855 4465 892 4519 dn
905 4466 937 4519 R.
955 4464 1037 4533 legit:
1062 4462 1265 4533 ..monteri
1314 4464 1394 4529 Quod

253 4553 399 4625 praecedit
432 4561 575 4623 quicquam,
617 4551 707 4604 Maius
736 4551 765 4602 in
797 4549 897 4604 Codice
926 4549 1071 4603 invenerat
1103 4569 1261 4617 quamquam,
1297 4550 1334 4602 du
1359 4552 1392 4605 R.

255 4659 412 4708 ....quam.
452 4637 569 4691 Difficile
588 4638 629 4690 est
646 4635 768 4689 iudicare
787 4634 821 4688 de
839 4633 996 4688 istiusmodi
1017 4633 1084 4687 locis
1102 4632 1209 4699 laceris,
1228 4633 1294 4701 quia
1305 4634 1393 4688 Maius

254 4740 340 4792 saepo
354 4723 466 4778 'lectore
487 4739 542 4776 non
565 4720 670 4774 monito
688 4718 905 4773 Berolinensium
928 4718 1105 4773 coniecturas
1122 4717 1200 4772 dedit
1217 4734 1267 4788 pro
1287 4718 1394 4772 Codicis

254 4806 381 4863 lectione.
