3300 5950
638 780 687 835 AD
705 777 925 834 ANTONINUM
942 779 1039 833 PIUM.

547 953 641 1018 ΙΙΙΙ.
680 953 830 1019 Domino
852 952 928 1018 Meo
951 952 1125 1019 suaserit

350 1090 453 1174 Niger
474 1090 644 1155 Censorius
667 1090 751 1154 diem
773 1111 865 1152 suum
888 1088 977 1153 obiit.
1009 1088 1229 1163 Quincuneem
1250 1090 1407 1154 bonorum

266 1214 395 1255 suorum
427 1193 519 1257 nobis
548 1193 678 1276 reliquit
705 1192 899 1255 testamento
933 1193 1038 1254 cetera
1064 1190 1215 1273 honesto,
1250 1191 1334 1275 quod
1367 1192 1407 1255 ad

266 1295 363 1357 verba
390 1317 464 1358 vero
492 1295 617 1358 adtinet
644 1293 896 1357 inconsiderato:
933 1294 968 1356 in
995 1314 1057 1376 quo
1085 1293 1151 1355 irae
1179 1293 1282 1377 magis
1311 1314 1406 1375 quam

266 1396 389 1459 decori²
412 1418 468 1459 suo
492 1396 662 1460 consuluit.
706 1394 936 1459 lnclementius
965 1395 1051 1458 enim
1078 1416 1267 1478 progressus
1295 1397 1344 1457 est
1371 1394 1405 1457 in

266 1496 397 1561 Gavium
420 1498 614 1562 Μ1111111111113
631 1496 843 1561 clarissimum
865 1500 897 1560 et
919 1496 1012 1560 uobis
1034 1485 1268 1560 observandum
1290 1496 1403 1559 virum

350 1599 400 1663 Ob
434 1623 504 1665 eam
537 1622 605 1664 rem
637 1598 852 1664 necessarium
881 1600 985 1662 visum
1011 1598 1149 1662 scribere
1182 1620 1233 1660 me
1267 1597 1405 1660 Domino

263 1704 373 1765 nostro
406 1702 491 1786 patri
520 1705 576 1767 tuo
605 1705 637 1766 et
664 1702 728 1785 ipsi
751 1701 849 1765 Gavio
871 1699 1013 1764 Maximo
1041 1699 1249 1764 difficillimae
1277 1699 1406 1783 quidem

263 1804 397 1868 rationis
420 1804 591 1889 epistulas:
628 1804 664 1868 in
686 1803 801 1887 quibus
830 1805 863 1866 et
883 1802 1006 1865 factum
1028 1802 1123 1886 Nigri
1145 1801 1223 1884 mei,
1252 1803 1335 1885 quod
1357 1803 1405 1865 in-

263 1905 454 1988 probabam,
477 1928 544 1970 non
566 1903 818 1989 repraehendere
841 1904 1028 1987 nequibam3
1054 1906 1218 1967 ettamen
1242 1904 1336 1967 amici
1359 1907 1405 1968 at-

263 2028 324 2089 que
346 2007 472 2071 heredis
494 2007 646 2089 officium,
678 2009 714 2070 ut
735 2028 794 2091 par
817 2009 902 2089 erat,
931 2006 1070 2070 retinere
1093 2006 1270 2090 cupiebam.
1316 2006 1405 2071 Haec

263 2130 323 2192 ego
345 2112 388 2191 te,
413 2112 449 2172 ut
463 2131 535 2172 mea
550 2110 658 2173 omnia
673 2112 789 2191 cetera,
814 2108 896 2172 scire
911 2107 1013 2171 volui:
1038 2108 1191 2172 conatus⁴
1207 2107 1404 2172 mehercules

263 2209 304 2272 ad
330 2212 362 2273 te
390 2232 514 2294 quoque
543 2212 581 2274 de
604 2211 714 2274 eadem
736 2232 770 2274 re
792 2210 980 2294 prolixiores
1008 2210 1133 2273 litteras
1162 2210 1315 2273 scribere:
1349 2212 1404 2273 sed

262 2313 443 2375 recordanti
468 2315 584 2376 cuncta
606 2312 685 2375 mihi
700 2312 814 2375 melius
836 2311 940 2376 visum
962 2334 1028 2375 non
1050 2312 1225 2376 obtundere
1246 2314 1278 2375 te
1301 2334 1403 2395 neque

262 2436 281 2475 a
302 2413 478 2495 potioribus
501 2436 642 2478 avocare.

510 2566 551 2632 11.
595 2564 776 2633 Antonino
798 2566 866 2631 Pio
888 2563 979 2648 lug.
996 2565 1150 2633 Fronto.

345 2701 458 2766 Vitae⁵
486 2725 574 2767 meae
603 2705 695 2786 parte
723 2703 896 2787 adpicisci⁶
919 2702 1011 2786 cupio
1017 2752 1026 2785 7
1056 2705 1093 2765 ut
1113 2706 1146 2766 te
1176 2704 1402 2785 complecterer

259 2804 445 2893 felicissimo
473 2808 506 2868 et
532 2805 733 2889 optatissimo
761 2795 836 2870 initi
858 2804 985 2888 imperii
1007 2803 1057 2868 elie
1068 2854 1077 2886 ‚
1113 2826 1207 2888 quem
1235 2828 1295 2889 ego
1318 2807 1401 2870 diem

259 2906 401 2969 natalem
428 2907 556 2990 salutis,
587 2907 773 2991 ugnitatis,
809 2905 990 2969 securitatis
1018 2927 1108 2969 meae
1136 2907 1292 2970 existima.
1339 2906 1400 2971 Sed

259 3008 347 3072 dolor
369 3009 470 3071 umeri
499 3009 621 3092 gravis,
658 3008 788 3072 cervicis
816 3030 889 3071 vero
917 3008 1018 3071 multo
1046 3008 1254 3092 gravissimus
1281 3010 1327 3072 ita
1350 3031 1400 3072 me

260 3108 392 3190 adflixit,
416 3111 453 3171 ut
475 3109 579 3173 adhuc
601 3110 768 3193 usque-vix
782 3109 940 3173 inclinare
962 3131 1013 3172 me
1035 3109 1085 3172 vel
1108 3109 1230 3193 erigere
1253 3110 1302 3172 vel
1327 3132 1399 3173 con-

259 3213 382 3274 vertere
409 3210 544 3294 possim:
581 3211 627 3274 ita
655 3210 810 3274 immobili
840 3210 961 3274 cervice
984 3213 1065 3273 utor.
1112 3209 1173 3274 Sed
1196 3211 1280 3295 apud
1302 3211 1399 3275 Lares

258 3311 397 3375 Penates
420 3311 556 3395 deosque
589 3312 764 3376 familiares
792 3334 879 3375 meos
907 3315 939 3375 et
966 3311 1088 3375 reddidi
1111 3314 1144 3375 et
1165 3313 1290 3397 suscepi
1314 3315 1396 3396 vota,

258 3418 290 3477 et
317 3416 487 3496 praecatus
515 3436 585 3477 sum
591 3464 600 3496 ,
629 3416 678 3477 uti
706 3436 792 3477 anno
819 3414 1004 3497 insequenti
1033 3413 1082 3477 bis
1110 3416 1143 3476 te
1171 3414 1399 3497 complecterer

256 3516 320 3579 ista
349 3515 414 3598 die,
452 3515 502 3579 bis
530 3518 641 3599 pectus
662 3518 755 3578 tuum
777 3518 809 3578 et
836 3537 951 3579 manus
980 3514 1195 3599 exoscularer7
1230 3518 1398 3599 praeteriti

257 3617 350 3681 simul
374 3618 426 3683 et⁷
447 3617 627 3701 praesentis
650 3619 728 3681 anni
750 3617 853 3680 vicem
874 3638 1078 3700 persequens.

514 3768 576 3834 VI.
620 3766 674 3834 Ab
703 3767 866 3852 Augusto
893 3769 1137 3852 Rescriptum.

340 3890 420 3954 Cum
447 3890 529 3953 bene
556 3891 740 3972 perspectas
762 3889 899 3953 habeam
922 3889 1153 3953 sincerissimas
1175 3891 1210 3954 iu
1237 3914 1287 3954 me
1311 3893 1395 3957 adfe-

256 3993 377 4055 ctiones
410 3993 497 4071 tuas,
531 3992 602 4053 tum
630 3994 663 4053 et
688 4013 727 4054 ex
752 4013 823 4054 meo
849 3991 956 4055 animo
980 4012 1047 4055 non
1070 3991 1200 4055 difficile
1225 3998 1299 4055 milri
1323 4016 1395 4072 per-

340 4165 352 4211 1
371 4157 458 4212 Deest
473 4158 503 4211 in
520 4157 621 4212 Indice.

337 4242 437 4296 ecoe.
457 4262 498 4313 pr.
518 4261 555 4296 m.
575 4249 684 4297 decerta
724 4244 726 4248 ’

337 4334 353 4381 3
372 4326 424 4394 Qui
442 4328 493 4381 sub
505 4327 555 4382 Pio
573 4330 731 4396 praefectus
742 4328 885 4398 praetorio
898 4328 957 4382 fuit.
984 4329 1017 4383 cf.
1032 4329 1141 4384 Gruter.
1155 4329 1282 4398 inscript.
1296 4336 1353 4384 258.
1368 4338 1392 4385 8.

253 4411 322 4466 Plin.
340 4412 390 4480 Ep.
409 4412 456 4465 111.
476 4419 500 4466 2.
529 4417 626 4469 Maius>
647 4413 679 4466 In
696 4412 746 4466 Ed.
765 4412 876 4467 Mediol.
896 4430 1045 4483 perperam
1062 4413 1177 4483 legitur:
1196 4419 1393 4470 observandissi-

252 4518 320 4551 mum.
356 4496 421 4550 Mox
439 4495 504 4550 uod.
524 4516 566 4566 pr.
585 4515 622 4551 m.
640 4503 790 4558 scriberem
808 4515 861 4552 sec.
881 4517 917 4552 m.
935 4503 1049 4552 scribere
1066 4518 1111 4551 me.

335 4587 351 4633 4
369 4580 470 4649 Incipit
488 4581 553 4634 eod.
576 4601 602 4652 p.
623 4589 680 4638 348.
732 4596 736 4600 ’

337 4672 352 4720 5
370 4667 402 4718 ln
419 4664 525 4719 Indice:
545 4671 636 4722 Uarius
653 4674 719 4723 oilae
739 4668 790 4722 cet.
810 4667 997 4724 Heindorfius:
1018 4673 1108 4723 Curius
1126 4689 1238 4738 quamv.

335 4757 350 4805 6
369 4752 412 4805 lta
430 4750 531 4806 Codex.

335 4843 349 4890 1
369 4835 474 4891 Codex:
493 4856 532 4894 eu.
