3300 5950
581 791 805 845 FaAGMENTA
829 790 1013 846 MISCELLA.

508 1012 576 1098 [XI.
614 1011 856 1077 EPlanoiade
879 1013 1084 1094 Fulgentin

312 1134 360 1196 De
382 1131 548 1195 Abstrusis
571 1130 790 1212 Semonibus,
815 1132 863 1194 ed.
887 1132 1015 1195 Lerseh.
1038 1155 1070 1215 p.
1087 1132 1197 1196 XVIII
1220 1138 1252 1197 et
1274 1134 1362 1198 XIX.
1387 1118 1390 1124 ¹
1419 1151 1428 1163 ‘

228 1236 278 1297 Ad
313 1234 427 1316 Catum
459 1233 694 1315 Presbyterum.
740 1231 873 1295 XXXV.
915 1232 1082 1297 Iustieium
1116 1234 1232 1298 dieitur
1260 1236 1363 1319 publi-

229 1359 283 1399 cus
317 1336 431 1398 luctus.
477 1332 570 1397 Unde
597 1332 716 1396 Fronto
741 1334 775 1396 in
811 1333 955 1397 oratione
988 1356 1062 1417 pro.
1076 1334 1266 1399 Nucerinis¹
1300 1337 1363 1400 ait:

229 1442 362 1515 Denique
389 1442 531 1500 iustitiam
555 1440 639 1514 plebi
670 1440 822 1499 indicitur.
869 1434 1060 1499 conferatur
1086 1435 1171 1499 idem
1199 1438 1239 1499 ad
1268 1437 1363 1501 Chal-

229 1538 345 1601 eidium
361 1537 627 1601 Grammatieum:
650 1535 818 1600 Iustieium
833 1536 950 1614 dieitur
964 1536 1068 1600 laetus
1084 1538 1240 1620 publicus
1270 1537 1363 1601 Unde

228 1642 261 1702 et
287 1638 406 1711 Fronto
428 1639 462 1701 in
492 1637 635 1701 oratione
664 1660 722 1721 pro
748 1636 923 1721 Nugerinis
952 1640 1012 1701 ait:
1050 1644 1185 1717 Denique
1211 1646 1363 1705 iusticiam

226 1745 311 1826 plebi
331 1739 498 1827 iudiciiin]
570 1799 579 1811 ,

613 1886 697 1977 [XII.
742 1887 799 1952 Ex
827 1889 977 1955 Isidoro.

302 2010 402 2092 Orig.
433 2008 503 2072 XV.
528 2009 560 2072 2.
582 2008 633 2071 46.
671 2006 801 2073 ,Oareer
829 2009 878 2070 est
906 2030 924 2071 a
951 2030 1014 2091 quo
1041 2008 1247 2092 prohibemur
1280 2012 1366 2075 exire

228 2117 260 2173 et
284 2110 386 2173 dietus
415 2132 522 2174 oareer
545 2132 563 2172 a
587 2108 801 2195 coercendo².]

537 2278 626 2341 XIII.
669 2277 726 2342 Ex
748 2276 903 2342 Minucio
925 2277 1057 2343 FeIIoe.

515 2396 615 2477 (Edit.
640 2395 675 2458 F.
700 2394 826 2459 Oehler.
857 2395 943 2478 Lips.
971 2397 1077 2481 1847.)

312 2516 389 2600 Cap.
413 2515 469 2579 IX.
515 2514 559 2578 Et
586 2514 624 2577 de
653 2513 797 2577 convivio
819 2517 932 2577 notum
954 2517 1017 2596 est,
1046 2517 1166 2597 passim
1188 2540 1298 2580 omnes
1321 2519 1363 2580 lo-

227 2620 382 2701 quuntur3
404 2618 437 2679 id
459 2617 556 2679 etiam
578 2615 732 2680 Cirtensis
754 2616 856 2678 nostri
878 2618 1015 2679 testatur
1037 2618 1149 2680 oratio
1181 2618 1232 2681 Ad
1255 2620 1365 2702 epulas
1463 2640 1466 2643 ’

227 2719 359 2782 solemni
382 2718 432 2781 die
456 2719 580 2800 coeunt,
605 2739 677 2780 eum
692 2716 839 2779 omnibus
856 2716 975 2799 liberie,
1000 2718 1170 2800 sororibus7
1194 2720 1363 2803 matribus,

227 2842 318 2883 sexus
341 2820 444 2882 omnis
466 2819 611 2882 homines
634 2821 666 2882 et
688 2817 790 2881 omnis
807 2818 932 2882 aetatis.
963 2818 1034 2882 Illic
1056 2822 1129 2902 post
1150 2820 1268 2884 multas
1291 2845 1365 2905 epu-

226 2922 284 3004 las,
308 2922 363 2986 ubi
386 2921 565 2985 convivium
588 2919 706 2983 coaluit
715 2920 736 3001 ⁵³,
761 2921 793 2982 et
814 2919 957 2983 incertae
978 2918 1119 2983 libidinis
1135 2921 1363 2987 ebrietatibus⁴

226 3027 332 3086 fervor
354 3024 487 3104 exarsit,
513 3015 629 3102 eaniS‚¹
643 3021 696 3103 qui
720 3020 911 3084 candelabro
933 3043 1033 3083 nexus
1056 3024 1115 3103 est,
1139 3021 1226 3086 iactu
1248 3025 1363 3088 offulae

227 3124 312 3186 ultra
334 3124 473 3206 spatium
494 3122 609 3204 lineae,
633 3144 696 3204 qua
718 3122 845 3185 vinctus
868 3124 927 3204 est,
952 3122 992 3183 ad
1014 3121 1169 3205 impeturn
1192 3126 1224 3186 et
1246 3125 1363 3188 saltum

227 3226 432 3306 provocatur:
456 3223 501 3286 sie
524 3244 632 3286 everso
655 3227 687 3287 et
710 3223 869 3287 exstineto
892 3223 1019 3286 oonseio
1040 3216 1159 3287 lumine
1182 3225 1364 3308 inpudenti-

228 3326 286 3389 bus
308 3325 449 3389 tenebris
476 3346 577 3388 nexus
599 3325 752 3388 infandae
781 3323 965 3408 eupidItatis
992 3325 1161 3388 involvunt
1194 3349 1251 3408 per
1278 3328 1363 3391 inee-

227 3430 311 3490 stum
333 3426 437 3509 sortia,
463 3429 496 3489 et
510 3425 537 3488 si
551 3448 617 3488 non
639 3447 748 3489 omnes
770 3447 877 3509 opera,
902 3425 1098 3489 conscientia
1113 3430 1221 3490 tamen
1243 3430 1364 3510 pariter

226 3529 357 3610 incesti,
387 3529 536 3611 quoniam
564 3529 637 3590 voto
665 3527 886 3590 universorum
913 3527 1074 3611 adpetitur
1102 3528 1254 3612 quidquid
1282 3531 1375 3593 acei-v

227 3631 300 3694 dere
322 3633 428 3713 potest
449 3629 484 3692 in
506 3631 579 3692 actu
605 3627 813 3712 singulorum.

313 3907 325 3951 1
344 3900 473 3953 Lersehio
493 3900 522 3952 et
538 3897 650 3966 Meyero
670 3898 745 3952 Orat.
764 3899 844 3953 Item.
863 3899 1011 3966 fragment.
1032 3900 1074 3952 ed.
1088 3900 1121 3953 ΙΙ.
1141 3918 1167 3968 p.
1182 3905 1231 3953 617
1244 3900 1333 3954 oratio
1346 3921 1364 3955 a

227 3984 374 4052 Fulgentio
393 3985 458 4037 fieta
475 3983 593 4036 videtur.
629 3984 722 4051 Ipsum
740 3983 887 4036 Frontonis
909 3984 999 4036 locuni
1018 3985 1159 4038 mutuatus
1177 3986 1219 4037 est
1236 3986 1272 4038 ab
1290 3987 1362 4054 Apu-

226 4067 279 4121 leio
297 4068 409 4121 Metam.
429 4067 475 4120 IV.
495 4074 535 4121 33.

311 4143 326 4188 2
345 4141 390 4189 Sin
407 4141 562 4189 Liciniana.
579 4155 606 4202 p.
628 4141 685 4188 472.
726 4141 799 4202 Valp.
818 4141 895 4188 add.:
914 4135 984 4188 HIne
1002 4135 1118 4189 Fronto:
1139 4137 1168 4197 ut
1185 4139 1363 4205 pergraecari

227 4220 318 4288 potius
336 4219 459 4274 amoenis
477 4218 544 4272 loeis
563 4235 646 4286 quam
665 4218 784 4272 coerceri
803 4235 913 4273 earcere
937 4219 1084 4273 videretur.
1119 4226 1173 4274 Sed
1189 4241 1235 4275 oua
1254 4228 1279 4274 in
1298 4227 1360 4276 Cod.

228 4310 309 4371 Gzielf.
330 4312 395 4357 is2.
416 4312 432 4358 3
451 4316 476 4357 et
497 4308 544 4356 Ed.
561 4324 605 4371 pr.

310 4397 325 4442 3
345 4394 394 4442 Mo.
414 4411 458 4457 cip.
482 4393 598 4442 Wower:
616 4387 736 4442 incaluit.
1149 4438 1151 4443 ,

310 4472 507 4539 IEbrietatis,
530 4473 666 4526 ebrietate
700 4477 760 4528 Cod.
779 4471 894 4526 ebriatis
913 4479 1049 4527 Menrsius.
1081 4474 1223 4528 ebriolatis
1243 4480 1359 4529 Hildebr.

226 4558 253 4610 in
272 4574 367 4612 caecas
384 4557 513 4610 libidines
531 4556 675 4611 ebrietatis
694 4562 844 4612 Gronovius.
