3300 5950
276 773 317 836 28
487 771 524 823 M.
538 769 706 824 CORNELII
724 767 931 824 FItONTONlS
948 766 1203 823 EPISTULARUM

277 965 379 1007 sermo
402 942 493 1007 nobis
510 944 650 1025 superte
667 944 794 1006 exortus
811 944 860 1006 est
874 942 975 1004 multo
990 941 1152 1024 multoque
1167 940 1304 1024 longior,
1321 963 1417 1024 quam

275 1045 336 1108 tibi
358 1048 390 1108 et
405 1044 565 1128 quaestori
587 1047 643 1107 tuo
666 1043 704 1107 de
726 1066 787 1107 me.
811 1044 924 1127 Itaque
946 1065 1006 1107 nec
1027 1043 1087 1107 tibi
1110 1042 1220 1105 dubito
1242 1042 1360 1106 ibidem
1383 1044 1417 1105 in

275 1146 345 1208 foro
378 1145 432 1209 diu
465 1146 584 1209 tinnise
617 1145 784 1209 auriculas.
847 1144 1031 1229 Oonprobat
1063 1144 1164 1227 igitur
1195 1142 1352 1207 Dominus
1385 1147 1418 1207 et

187 1280 191 1284 ·
277 1249 364 1310 amat
386 1269 507 1329 causas,
542 1250 673 1330 propter
701 1268 780 1330 quas
807 1245 1031 1312 recitationem
1059 1248 1150 1311 tuam
1182 1246 1215 1310 in
1238 1244 1417 1332 longiorem

276 1348 358 1413 diem
382 1349 544 1435 protulisti
572 1398 579 1414 .
606 1397 613 1414 .
639 1348 664 1415 .1

502 1605 576 1670 ΙΙΙ.
621 1603 809 1691 (Aurelius
833 1605 961 1671 Caesar
984 1604 1187 1688 Frontoni).

360 1756 464 1821 ²Sane
498 1757 600 1841 siquid
635 1757 749 1821 Graeci
782 1760 905 1821 veteres
932 1757 998 1820 tale
1028 1758 1242 1840 scripserunt,
1280 1758 1418 1822 viderint

276 1859 351 1941 qui³
374 1860 490 1941 sciunt,
515 1880 584 1942 eg0,
610 1860 636 1922 si
657 1859 708 1921 fas
731 1861 779 1923 est
795 1858 915 1942 dicere,
937 1880 997 1922 nec
1012 1858 1055 1922 M.
1073 1859 1223 1922 Porcium
1245 1861 1312 1921 tam
1335 1860 1416 1923 bene

243 2006 248 2017 .
275 1960 528 2043 vituperantem,
553 1983 647 2044 quam
669 1960 725 2024 tu⁴
748 1960 902 2042 laudasti,
926 1982 1061 2043 usquam
1083 1960 1218 2023 advorti.
1253 1961 1280 2025 Ο
1304 1960 1331 2023 si
1353 1961 1417 2024 Do-

275 2060 381 2124 minus
403 2084 491 2125 meus
515 2063 593 2125 satis
615 2061 739 2124 laudari
760 2065 879 2144 posset,
903 2060 1047 2144 profecto
1071 2064 1143 2125 ate
1166 2062 1245 2125 satis
1266 2062 1416 2126 laudatus

276 2164 375 2226 esset!
406 2166 509 2229 Τοῦτο
533 2166 569 2229 τὸ
594 2165 691 2243 ἔργον
715 2165 754 2227 οὐ
777 2166 895 2240 γίνεται
917 2169 984 2228 νῦν.
1018 2162 1156 2227 Facilius
1179 2164 1249 2245 quis
1265 2163 1415 2247 Phidian,

275 2262 402 2326 facilius
425 2265 573 2348 Apellen,
596 2264 724 2327 facilius
753 2264 889 2347 denique
916 2264 1022 2347 ipsum
1044 2263 1283 2328 Demosthenen
1312 2266 1416 2330 imita·
1471 2337 1473 2340 v

274 2368 326 2427 tus
348 2363 462 2447 fuerit,
493 2369 548 2429 aut
573 2366 678 2449 ipsum
701 2365 873 2448 Catonem,
903 2386 998 2448 quam
1025 2364 1086 2428 hoc
1112 2368 1181 2428 tam
1209 2366 1357 2431 effectum
1384 2371 1417 2432 et

276 2466 473 2529 elaboratum
496 2487 584 2549 opus.
609 2466 699 2530 Nihil
722 2488 781 2550 ego
803 2488 955 2549 umquam
978 2466 1109 2548 cultiuS,
1135 2467 1216 2530 nihil
1240 2469 1414 2552 antiquius,

192 2584 196 2591 ·
275 2566 355 2631 nihil
380 2567 548 2650 conditius,
572 2567 654 2631 nihil
676 2567 807 2631 latinius
829 2567 904 2651 legi.
930 2568 957 2632 Ο
979 2570 1012 2631 te
1034 2567 1196 2630 hominem
1210 2569 1340 2633 beatum
1355 2571 1416 2635 hac

275 2668 456 2752 eloquentia
478 2669 673 2752 praeditum!
698 2669 724 2733 Ο
748 2692 798 2732 me
826 2668 987 2732 hominem
1009 2669 1139 2732 beatum
1164 2669 1238 2734 huic
1259 2672 1415 2755 magistro

273 2769 446 2833 traditum!
492 2772 774 2850 οὲπιχειρήματαῑ
805 2793 822 2835 0
846 2770 945 2837 suad
968 2791 987 2832 o
1010 2768 1188 2853 elegantia!
1218 2794 1236 2835 o
1263 2772 1367 2855 lepos!
1396 2796 1415 2837 0

257 2872 440 2934 ,venustasl
464 2893 482 2934 o
504 2871 614 2935 verba!
638 2893 656 2934 o
677 2871 778 2934 nitor!
802 2870 997 2955 oargutiael
1021 2870 1211 2936 okharites!
1241 2874 1414 2953 οᾶεκηειεῐ

274 2975 437 3037 comnia!
471 2972 521 3037 Ne
543 2972 677 3055 valeam,
707 2972 770 3036 nisi
797 2971 904 3056 aliqua
931 2971 983 3036 die
1010 2971 1123 3057 virga⁵
1150 2972 1185 3037 in
1213 2997 1327 3038 manus
1354 2975 1414 3040 tibi

273 3074 430 3138 tradenda
452 3078 531 3157 erat,
555 3075 701 3138 diadema
722 3074 1034 3158 circumponendum,
1057 3075 1200 3139 tribunal
1215 3077 1413 3159 ponendum:

272 3178 342 3237 tum
363 3197 479 3258 praeco
502 3177 606 3239 omnis
627 3198 686 3239 nos
710 3176 840 3240 citaret:
863 3175 938 3259 quid
952 3197 1012 3238 nos
1033 3176 1129 3240 dico?
1151 3178 1254 3241 omnis
1270 3178 1412 3263 inquam,

273 3276 452 3360 philologos
476 3279 508 3340 et
530 3277 665 3340 disertos
687 3277 782 3340 istos:
806 3298 859 3340 eos
880 3279 917 3339 tu
933 3277 1077 3361 singulos
1099 3277 1191 3361 virga
1213 3281 1412 3363 perducereS,

274 3376 380 3439 verbis
402 3398 558 3440 moneres.
604 3377 684 3440 Mihi
716 3378 819 3441 adhuc
842 3378 948 3441 nullus
975 3381 1079 3442 metus
1107 3377 1200 3441 huius
1227 3380 1413 3444 monitionis

274 3478 393 3562 erat316
415 3477 516 3540 multa
539 3482 709 3561 supersunt
730 3482 767 3541 ut
790 3478 824 3542 in
847 3478 955 3542 ludum
976 3482 1066 3542 tuum
1081 3480 1195 3562 pedem
1212 3480 1410 3545 introferam.

272 3576 363 3662 Haec
386 3601 457 3642 cum
481 3601 604 3642 summa
625 3579 836 3643 festinatione
859 3580 898 3643 ad
919 3583 952 3643 te
975 3580 1094 3663 scribo:
1122 3603 1198 3644 nam
1226 3603 1322 3664 quom
1348 3582 1412 3645 Do-

272 3679 352 3741 mini
380 3680 460 3743 mei⁷
495 3681 535 3742 ad
561 3683 594 3744 te
628 3681 797 3763 epistulam
819 3681 980 3745 mitterem
1014 3683 1083 3745 tam
1116 3680 1302 3765 benignam,
1336 3685 1411 3767 quid

271 3779 351 3842 meis
373 3780 570 3864 longioribus
592 3781 709 3845 litteris
731 3804 810 3865 opus
843 3782 941 3845 erat?
984 3782 1090 3865 Igitur
1111 3782 1197 3866 vale,
1227 3782 1322 3847 decus
1350 3785 1412 3848 elo

357 3998 374 4035 a
392 3987 424 4034 Ia
443 3990 568 4052 morpiae:
589 4028 594 4036 .
669 4028 674 4038 .
693 3985 820 4053 prcium
838 3987 897 4038 tam
915 3986 987 4038 bene

587 4113 592 4122 .
614 4112 618 4121 .
641 4112 646 4121 .
667 4112 671 4121 .
691 4070 815 4123 orantem
834 4086 917 4136 quam
933 4070 965 4122 tu
981 4069 1103 4124 laudasti

585 4170 737 4220 numquam
754 4153 870 4206 adverti.

357 4312 370 4357 1
388 4304 549 4359 Desiderari
566 4305 695 4359 videntur
711 4305 833 4374 paginae
851 4308 978 4374 quatuor.

357 4396 372 4442 2
390 4389 491 4458 incipit
509 4389 575 4443 Cod.
593 4389 656 4442 Vat.
677 4408 704 4458 p.
720 4395 775 4443 168.

356 4481 371 4527 3
390 4472 455 4527 Cod.
474 4493 515 4543 pr.
535 4493 571 4527 m.
591 4494 663 4543 qaue.

354 4564 370 4610 4
390 4557 454 4610 Cod.
474 4577 571 4627 prm.
591 4570 641 4611 toa.

356 4648 372 4696 5
390 4641 449 4695 Sec.
468 4660 503 4696 m.
524 4642 701 4711 superposuit
718 4649 811 4712 aliqua.

356 4732 371 4778 6
389 4725 489 4794 Incipit
507 4725 572 4780 Cod.
591 4728 718 4780 Ambros.
738 4745 765 4796 p.
781 4731 837 4780 167.

357 4815 371 4861 7
388 4809 460 4863 Puta
477 4809 554 4863 illam
573 4808 721 4878 epistulam
740 4828 810 4878 quae
830 4814 873 4865 ost
891 4811 1011 4866 secunda
1027 4812 1057 4867 in
1073 4813 1145 4869 libro
1158 4815 1194 4869 ad
1205 4814 1293 4869 Pium.
1314 4820 1409 4872 Maius.
