3300 5950
624 745 767 802 INDICES
786 745 835 799 AD
853 742 1087 798 FRONTONEM.

284 751 348 815 280

319 924 416 988 quidem
434 923 571 986 adspirare
584 921 651 971 iubet
666 921 845 986 pruntnsaticas
904 919 939 968 ad
961 918 1115 968 Frontonem
1136 918 1223 981 ipsum.
1245 918 1290 981 Cf.
1311 919 1449 970 Corssen.

320 1007 568 1073 quidaminPatsclt.
581 1021 609 1071 p.
620 1008 696 1056 2786.
717 1005 756 1068 Cf.
768 1005 844 1055 Oors·
904 1003 1015 1066 Atusspr.
1033 998 1059 1051 Π
1076 1016 1104 1066 p.
1124 1003 1165 1051 82.

318 1108 372 1141 sen.
397 1087 540 1155 Ausspr.l
567 1105 594 1155 p.
614 1092 646 1140 47
667 1105 723 1155 sqq.
755 1089 843 1139 113311-
870 1084 902 1136 ln
919 1103 968 1151 pro
985 1083 1025 1135 im
1042 1102 1116 1151 upr.
1130 1082 1290 1149 inbecillus,
1307 1084 1450 1152 inbutus,

319 1178 395 1227 cisen.
415 1176 525 1239 Funfzip
543 1174 646 1225 Artilcet
662 1189 689 1240 p.
708 1176 747 1225 18.
780 1174 844 1225 Gon·
904 1166 1011 1233 inlitus,
1029 1164 1178 1232 intuemur,
1200 1168 1381 1236 inmodicus„
1407 1170 1451 1223 in-

318 1267 362 1311 tra
378 1260 535 1310 subtrahitur
546 1262 572 1309 in
585 1256 749 1311 exeredntus
766 1273 793 1323 p.
805 1260 845 1321 14,
904 1251 1039 1322 pendere,
1051 1251 1174 1320 inpetus,
1186 1251 1346 1321 inpetrare,
1362 1254 1451 1324 inpu-

320 1341 394 1395 eruis
412 1359 440 1410 p.
460 1347 509 1395 233
528 1342 602 1406 <erus
613 1346 667 1394 suu
682 1346 781 1408 nepo.
797 1345 847 1395 ru·-
906 1335 981 1399 dens,
992 1334 1123 1405 inridere,
1135 1336 1310 1405 nocentius,
1326 1338 1451 1407 inrisus,

320 1424 579 1494 dor.),01etiusp.
600 1431 645 1489 23,
665 1440 744 1478 umor
762 1444 788 1494 p.
805 1432 846 1493 71,
905 1420 1003 1475 inritet
1037 1462 1042 1473 .

321 1526 432 1563 umerus
455 1527 483 1577 p.
508 1515 546 1563 71.
572 1515 611 1563 ue.
636 1515 676 1562 33.
702 1515 758 1563 131.
789 1516 847 1577 333,
872 1506 963 1573 Kpro
981 1522 1008 1571 c,
1030 1505 1175 1561 kommata
1195 1525 1223 1575 p.
1244 1512 1303 1561 151.
1331 1508 1453 1564 Korne-

322 1593 426 1647 nrcium
453 1613 503 1660 pro
533 1593 657 1647 urchium
685 1611 713 1663 p.
742 1599 773 1647 16
801 1598 845 1663 (uf,
905 1587 994 1643 liunus
1015 1609 1043 1658 p.
1063 1595 1111 1645 173
1128 1597 1175 1645 sed
1194 1611 1276 1659 supra
1289 1591 1454 1649 ¹Corneliu-

321 1680 438 1746 cmend.),
446 1677 558 1747 pyrrice
569 1696 596 1746 p.
608 1684 648 1744 12,
661 1678 848 1734 Demostenen

322 1781 349 1831 p.
374 1767 414 1816 28.
449 1766 617 1828 Transfertur
638 1764 738 1817 inchoo
761 1774 786 1818 et
808 1764 848 1818 in-

324 1847 393 1900 coho
423 1864 450 1915 p.
483 1853 543 1913 103,
574 1853 630 1901 108.
667 1848 797 1902 Pulcrum
823 1862 849 1903 ct

325 1931 471 2000 pulchrum
480 1937 589 1985 uariant.
608 1938 639 1987 V.
650 1937 763 2001 Lonpum
772 1940 847 1989 2230.

324 2020 364 2081 Cf,
385 2020 502 2072 Corssen.
522 2021 687 2084 Ausspracite
705 2017 731 2070 ΙΙ
748 2036 775 2086 p.
790 2026 847 2074 232.

324 2103 481 2153 Fleckeisen.
505 2104 616 2169 anfzip
634 2106 737 2155 Artttet
757 2120 787 2171 p.
806 2110 846 2157 31.

290 2189 459 2237 Hellenismus
476 2184 620 2252 Apollonis
637 2204 664 2255 p.
685 2192 725 2241 68.

288 2268 301 2320 Ι
322 2287 372 2334 pro
397 2285 424 2333 e,
448 2268 605 2336 urgentielu
626 2288 653 2339 p.
678 2276 727 2325 157
748 2284 774 2325 et
790 2276 852 2326 utiti

325 2350 501 2405 conticiscere
514 2370 540 2420 p.
556 2359 613 2419 145,
625 2361 683 2420 234,
696 2355 850 2411 delitiscere

907 1691 964 1727 nus.
991 1678 1031 1740 Of.
1051 1680 1164 1743 Lonquns
1182 1682 1248 1731 2218
1266 1689 1294 1731 et
1311 1682 1455 1733 Scaurum

907 1763 981 1812 2253.
1017 1762 1113 1812 Buram
1139 1764 1210 1814 tuias
1236 1766 1346 1817 litterae
1376 1784 1456 1818 usum

906 1848 1000 1896 suadet
1017 1847 1117 1907 Quintil.
1136 1845 1149 1897 I
1167 1851 1182 1898 7
1205 1848 1274 1910 §lu
1300 1846 1407 1902 Karus
1427 1862 1458 1903 et

908 1945 988 1981 curus
1010 1933 1118 1983 uariunt.
1148 1929 1295 1998 Karthago
1323 1938 1356 1985 in
1384 1938 1456 1989 Ocu.

908 2016 960 2065 Cic.
979 2017 1011 2065 rie
1029 2032 1085 2080 rep.
1104 2020 1199 2077 sanat,
1221 2014 1241 2067 k
1258 2034 1355 2083 nempe
1378 2028 1407 2071 et
1428 2036 1455 2072 c.

908 2099 963 2149 Seu
979 2102 1006 2150 in
1023 2102 1153 2151 Frontone
1170 2116 1197 2166 p.
1218 2105 1280 2165 220,
1299 2105 1373 2167 221,
1400 2108 1459 2156 260

908 2185 1028 2234 scribitur
1052 2201 1102 2248 per
1130 2199 1157 2248 e,
1185 2189 1254 2251 quod
1281 2195 1460 2251 postremum

908 2270 994 2317 metius
1022 2271 1123 2319 uidetur
1157 2270 1248 2321 Bedae
1281 2274 1367 2323 2338.
1412 2276 1457 2337 Cf.
1542 2305 1548 2314 .

911 2352 1028 2402 Gorssen.
1049 2353 1159 2417 Ausspr.
1179 2351 1191 2403 I
1208 2369 1236 2419 p.
1256 2357 1280 2405 6.

324 2453 351 2503 p.
372 2440 416 2500 33,
434 2435 565 2491 luciscere
583 2455 610 2506 p.
632 2445 692 2504 103,
711 2441 767 2506 (sen
789 2445 849 2495 utu
876 2433 932 2498 Kh,
950 2431 1074 2486 kheriies
1092 2453 1119 2502 p.
1139 2440 1180 2489 28.

324 2518 472 2587 lucescere)
491 2521 681 2578 malivolentia
698 2542 725 2592 p.
740 2532 786 2591 59,
804 2527 851 2580 be·
876 2518 964 2585 Loro
982 2516 1014 2582 ll,
1032 2518 1116 2571 belua
1134 2518 1233 2573 etilico
1246 2530 1272 2574 et
1285 2520 1373 2577 milia
1387 2545 1458 2580 eon-

325 2602 477 2657 uivolentiu
487 2623 514 2673 p.
531 2612 586 2660 172.
611 2613 651 2661 ue
663 2613 702 2662 iis
716 2619 852 2676 postremis

326 2692 422 2740 duobus
440 2696 564 2742 consentit
582 2694 659 2745 Beda
676 2700 754 2758 2331,
773 2694 851 2748 linie-

326 2772 451 2824 mentum
464 2790 491 2840 p.
506 2778 551 2838 95,
570 2774 737 2842 pulliolntim
752 2795 780 2846 p.
794 2783 853 2844 157,

328 2855 425 2909 303113
446 2874 474 2924 p.
499 2861 560 2922 120,
584 2864 646 2925 217,
665 2858 740 2917 vinies
763 2879 790 2929 p.
810 2868 852 2930 53,

328 2946 384 2993 223.
417 2945 456 2995 De
478 2940 559 2997 vinea
581 2954 606 2998 et
629 2944 704 2999 111113
727 2949 853 3002 Cornutus

328 3030 370 3092 qui
382 3030 552 3093 differentiam
563 3031 710 3096 scripturae
719 3036 852 3099 improbat.

330 3112 369 3173 Cf.
394 3112 510 3167 Gorssen,
537 3115 703 3180 Ausspracle
720 3115 733 3167 I
748 3133 776 3184 p.
795 3122 853 3182 276,

329 3199 386 3246 302.

295 3278 307 3329 Ι
323 3297 373 3344 pro
392 3276 423 3344 ii,
443 3278 480 3332 uli
491 3298 518 3348 p.
534 3287 594 3347 172,
613 3285 807 3339 commentaris
824 3305 852 3355 p.

909 2612 1009 2656 stanter
1040 2604 1097 2668 (sed
1128 2603 1204 2657 mille
1239 2616 1266 2659 et
1297 2606 1459 2679 milliens).

910 2690 996 2739 Etiam
1010 2670 1112 2741 'belum
1134 2708 1183 2755 pro
1205 2690 1311 2743 bellum
1334 2709 1367 2761 p.
1391 2702 1460 2762 222,

910 2770 1024 2839 pandum
1046 2777 1104 2825 item
1125 2792 1174 2839 pro
1195 2774 1321 2842 paullum
1347 2796 1379 2845 p.
1407 2785 1459 2848 81,

911 2854 1054 2923 paululum
1066 2874 1093 2924 p.
1109 2862 1154 2922 75,
1168 2862 1228 2923 104,
1241 2869 1335 2913 contra
1349 2866 1461 2918 Scauri

910 2948 1075 3008 praeceptum
1098 2946 1178 3008 2266,
1206 2947 1248 3011 qui
1270 2949 1357 3000 scribi
1380 2952 1458 3003 iubet

912 3045 966 3078 eum
978 3031 1074 3092 duplici
1083 3024 1101 3079 l.
1126 3030 1224 3081 Contra
1236 3029 1255 3080 ll
1265 3047 1316 3096 pro
1334 3030 1361 3096 l,
1382 3050 1459 3100 que·

912 3110 981 3163 113113
998 3128 1025 3178 p.
1039 3115 1080 3162 01.
1100 3116 1162 3176 116,
1180 3111 1325 3180 sepellitur
1349 3132 1381 3184 p.
1408 3123 1457 3171 16.

913 3193 1042 3272 1111313113
1059 3200 1186 3248 recentius
1203 3200 1281 3249 scribi
1294 3208 1378 3264 putat
1396 3207 1457 3255 Ρα-

910 3285 1028 3347 pinianus
1039 3285 1118 3345 2290,
1136 3284 1263 3348 improbat
1273 3284 1355 3336 Beda
1368 3290 1454 3340 2343.

331 3366 394 3425 171,
413 3363 510 3432 egregi
527 3383 554 3433 p.
575 3371 637 3431 165,
653 3368 735 3422 fascis
753 3387 780 3438 p.
796 3376 854 3438 218,
914 3368 954 3431 Gt.
978 3366 1454 3437 ceruen.nusspr.1p.s1,np,37,

329 3447 418 3500 isdem
435 3466 462 3516 p.
476 3453 520 3515 86,
538 3449 635 3504 librari
652 3470 678 3520 p.
696 3458 756 3521 191,
774 3472 854 3524 pree·
879 3450 936 3503 Mm
954 3468 1003 3517 pro
1020 3466 1062 3513 m,
1080 3448 1232 3502 comminus
1249 3467 1276 3518 p.
1292 3456 1358 3518 226,
1378 3453 1456 3508 lam-

330 3529 382 3583 mis
406 3550 433 3599 p.
459 3537 519 3599 193,
543 3536 665 3601 preceris
686 3556 713 3606 p.
733 3546 778 3606 53,
800 3542 855 3609 pri-
913 3533 990 3587 mine
1007 3551 1034 3601 p.
1055 3537 1111 3586 157.
1192 3534 1194 3544 “

330 3615 401 3669 muri
423 3634 450 3684 p.
477 3622 537 3684 165,
561 3618 634 3673 uuuu
660 3639 687 3690 p.
717 3629 778 3690 ne,
805 3633 853 3680 221
880 3619 910 3670 Μ
926 3638 975 3686 nro
997 3636 1027 3684 n.
1049 3617 1201 3686 temptare,
1225 3619 1455 3694 pedetemptim,

333 3702 390 3766 (sed
406 3700 490 3753 Tullii
506 3721 533 3770 p.
554 3706 608 3770 93),
631 3705 808 3763 tumultuaris
826 3729 853 3780 p⁸
914 3701 1105 3756 volumturius.
1129 3707 1254 3757 Cornutus
1264 3709 1367 3772 quidem
1377 3714 1455 3765 2285

333 3790 392 3851 151,
412 3785 564 3839 voluntaris
581 3806 608 3856 p.
628 3794 686 3844 313.
711 3797 782 3846 Atius·
797 3800 855 3860 fere
916 3797 941 3840 et
959 3791 1096 3840 Caesellius
1113 3793 1181 3841 2314
1198 3798 1223 3840 a
1241 3791 1364 3843 isidorus
1378 3799 1454 3862 erip.

331 3870 358 3922 ii.
389 3873 487 3922 Rursus
509 3870 519 3923 i
539 3892 590 3939 pre
611 3873 631 3926 ii
656 3887 803 3930 constanter
829 3885 856 3933 in
916 3872 978 3924 127
990 3876 1075 3924 iubent
1087 3875 1166 3924 scribi
1182 3872 1288 3925 tamtus
1301 3885 1326 3926 et
1346 3893 1453 3943 quam-

332 3958 478 4021 cernpositts
490 3974 507 4007 a
518 3954 602 4022 incie,
615 3957 733 4027 edicere,
745 3960 856 4030 11113313,
915 3958 972 4021 tus;
989 3974 1008 4008 n
1023 3975 1074 4022 pre
1092 3973 1133 4020 m,
1151 3955 1282 4010 rcdcntus
1300 3975 1327 4026 p.
1350 3966 1411 4015 196.

333 4039 467 4091 subicere.
497 4043 537 4104 Cf.
562 4044 679 4097 Gorssen.
709 4050 818 4115 Ausspr.
845 4049 857 4100 1
882 4039 1456 4115 11333336361113111311),3351131931·-

332 4141 359 4192 p.
381 4128 440 4187 117,
460 4129 520 4188 333,
539 4124 565 4178 u
582 4143 609 4193 p.
630 4132 686 4209 133.

299 4208 312 4259 I
329 4211 499 4272 subtrahitur,
512 4208 627 4276 plebeus
645 4212 675 4279 p.
697 4219 736 4268 18.
766 4215 857 4270 Audu-

334 4295 393 4344 cter
405 4302 430 4344 et
442 4291 584 4346 audaciter
597 4301 697 4349 uariant
710 4317 736 4366 p.
752 4304 797 4365 48,
816 4305 858 4365 et,

334 4396 437 4445 quorum
448 4387 599 4444 postrenum
609 4386 763 4447 praeferunt
773 4387 859 4450 Caper

335 4465 412 4526 2246,
445 4465 520 4514 Beda
552 4468 625 4516 2328.
666 4468 703 4530 Os.
737 4469 857 4520 Gorssen.

335 4552 445 4612 Ausspr.
465 4546 490 4597 Π
502 4563 529 4613 p.
545 4551 600 4600 149.
615 4578 647 4586 -
665 4553 719 4603 Pro
735 4549 787 4604 iste
804 4550 859 4605 ista

917 4131 972 4179 rtem
993 4124 1079 4178 malui
1100 4142 1127 4192 p.
1152 4127 1209 4192 37),
1229 4126 1398 4182 thensaurus
1419 4149 1452 4201 p.

918 4215 958 4264 37.
994 4214 1128 4262 Postrema
1155 4228 1207 4263 eon
1231 4223 1385 4266 ’constanter
1409 4222 1455 4270 ita

916 4298 1037 4348 scribitur
1059 4299 1085 4346 in
1107 4299 1218 4363 antiquis
1240 4301 1314 4351 codd.
1338 4310 1455 4356 contra-

918 4384 1017 4432 dicente
1055 4383 1222 4448 nequicquam
1250 4385 1336 4449 Gapro
1368 4391 1453 4442 2239.

918 4462 1205 4531 Desiderantissimus,
1234 4472 1290 4520 uide
1314 4486 1397 4536 supra
1424 4477 1455 4527 in

919 4552 1009 4602 Iudice
1028 4554 1186 4603 Latinitatis.

334 4630 409 4683 istud
433 4636 517 4696 prima
544 4651 630 4685 ursanus
654 4652 732 4701 saepe
754 4641 858 4703 scripsit
884 4634 910 4686 N
927 4639 954 4686 in
972 4643 1063 4701 quarto
1080 4653 1141 4687 eunt
1160 4641 1260 4702 primae
1279 4640 1455 4709 Graecorum,

336 4715 376 4767 ste
390 4716 433 4768 sta
445 4715 515 4781 stud,
529 4721 598 4784 quod
609 4723 692 4770 ultera
704 4738 790 4771 manus
802 4740 858 4773 cor-

335 4805 413 4853 rcait.
436 4803 565 4853 Debuerat
577 4805 624 4854 luoc
635 4808 737 4870 saepius
748 4808 861 4857 indicari

918 4717 1081 4772 Alcibiudeu
1103 4737 1130 4787 p.
1155 4725 1201 4785 53,
1229 4726 1288 4782 143,
1312 4721 1474 4780 Heroden.

918 4821 945 4871 p.
965 4808 1011 4869 43,
1033 4803 1163 4873 Apellen,
1186 4803 1320 4872 Nealcen,
1344 4805 1455 4866 Nician
