3300 5950
277 793 318 855 aa
385 782 388 788 ·
487 786 1208 843 111111111111111111111111111
1299 755 1301 758 ’

278 963 341 1025 vim
363 961 487 1045 gaudii¹
513 962 748 1047 1111111111.Ι
775 959 899 1025 Necte
922 960 1099 1024 recordatio
1124 961 1187 1024 ista
1210 965 1335 1045 urgeat,
1358 984 1419 1026 nec

277 1064 407 1127 omnino
431 1066 542 1147 angat,
566 1064 649 1146 quod
671 1063 731 1126 tibi
755 1062 900 1127 conscius
929 1085 962 1126 es
988 1085 1053 1125 non
1076 1066 1264 1146 perpetuam
1290 1086 1420 1148 operam

278 1163 476 1248 eloquentiae
499 1165 632 1228 dedisse.
670 1164 755 1229 Nam
777 1165 914 1249 ital²res
936 1164 1048 1227 habet:
1071 1164 1132 1254 qui
1148 1186 1267 1250 magno
1288 1167 1419 1250 ingenio

163 1318 166 1326 .
279 1266 439 1349 praeditus
462 1270 550 1330 recta
577 1266 629 1329 via
657 1268 696 1329 ad
725 1267 940 1350 eloquentiam
962 1268 999 1329 a³
1021 1266 1180 1350 principio
1201 1267 1351 1332 inductus
1374 1272 1420 1331 at-

277 1390 337 1450 que
360 1368 528 1432 institutus
550 1368 659 1451 luerit,
682 1370 811 1432 tametsi
834 1369 996 1432 interdum
1025 1369 1219 1432 concessant
1246 1372 1303 1432 aut
1329 1370 1420 1433 resti-

276 1470 363 1551 terit,
398 1470 453 1532 ubi
482 1470 620 1553 primum
651 1470 821 1554 progredei
855 1471 958 1534 denuo
991 1473 1023 1534 et
1050 1493 1184 1555 pergere
1211 1472 1315 1534 visum
1348 1474 1418 1553 erit,

278 1573 425 1653 coeptum
447 1569 526 1634 illud
554 1572 616 1642 iter
639 1572 814 1635 confecerit
841 1572 960 1635 setius⁴
995 1572 1132 1638 fortasse
1161 1572 1283 1656 aliquo,
1313 1573 1419 1635 minus

277 1675 386 1736 tamen
408 1673 519 1737 nihilo
544 1673 643 1737 Crede
667 1676 775 1737 autem
797 1672 858 1737 hoc
879 1674 959 1737 mihi
976 1674 1119 1737 omnium
1141 1674 1316 1756 hominum,
1341 1696 1419 1758 quos

278 1796 337 1859 ego
361 1776 574 1858 cognoverim,
598 1776 744 1839 uberiore
766 1797 862 1859 quam
877 1778 913 1838 tu
935 1776 978 1839 sis
1000 1776 1133 1859 ingenio
1154 1776 1315 1839 adfectum
1337 1797 1419 1839 com-

277 1877 397 1960 perisse
418 1899 469 1940 me
491 1878 668 1940 neminem:
697 1878 780 1960 quod
802 1877 930 1959 quidem
957 1898 1016 1962 ego
1038 1899 1159 1961 magna
1187 1885 1272 1941 cum'
1286 1876 1342 1940 lite
1364 1875 1419 1941 Vi·

278 1979 394 2042 ctorini
416 1980 519 2042 nostri
542 1982 575 2042 et
595 1999 715 2062 magna
738 1979 805 2042 eius
828 2000 899 2041 cum
919 1979 983 2043 bile
1004 1980 1150 2043 adiurare
1171 1979 1322 2060 solebam,
1348 2001 1420 2043 cum
1533 2065 1535 2071 y

278 2102 351 2143 eum
366 2080 529 2165 adspirare
554 2081 594 2143 ad
615 2079 888 2163 pulchritudinem
908 2080 1053 2164 ingenii⁵
1071 2082 1119 2144 tui
1140 2102 1233 2165 posse
1254 2102 1418 2165 negarem.

278 2180 360 2244 Turn
387 2180 441 2245 1111
466 2204 555 2246 meus
582 2181 754 2245 Rusticusl
781 2203 942 2263 romanus,
971 2183 1025 2265 qui
1047 2183 1148 2246 vitam
1170 2205 1260 2246 suam
1282 2205 1339 2267 pro
1362 2206 1420 2246 un-

278 2284 406 2367 guiculo
435 2287 490 2347 tuo
517 2284 605 2347 liben
619 2272 659 2372 .-¹‚
682 2283 857 2346 dediderit⁸
887 2286 982 2367 atque
1010 2284 1181 2367 devoverit,
1216 2286 1255 2348 de
1287 2286 1420 2369 ingenio

277 2388 387 2448 tamen
409 2385 530 2448 invitus
553 2286 709 2478 etQtis
733 2406 829 2467 aegre
852 2384 1055 2449 concedebat.

362 2485 471 2549 Unum
493 2486 552 2549 tibi
574 2486 751 2569 periculum
773 2486 846 2569 fuit,
870 2486 1158 2568 Antonine,‘idem
1173 2488 1256 2569 quod
1272 2489 1419 2551 omnibus

278 2589 333 2672 qui
355 2588 484 2651 sublimi
506 2588 638 2672 ingenio
660 2588 847 2670 extiterunt,
871 2610 912 2651 ne
934 2590 970 2651 in
991 2588 1159 2652 verborum
1182 2590 1273 2672 copia
1296 2593 1328 2653 et
1349 2588 1418 2673 pul-

279 2690 459 2754 chritudine
483 2689 659 2753 clauderes:
689 2693 809 2773 quanto
838 2690 922 2752 enim
949 2688 1118 2772 ampliores
1146 2691 1324 2754 sententiae
1354 2713 1419 2755 cre-

278 2794 384 2873 antur,
419 2794 511 2855 tanto
543 2791 703 2855 difficilius
737 2791 841 2855 verbis
874 2791 1091 2855 vestiunturb:
1124 2812 1185 2854 nec
1217 2792 1419 2857 mediocriter

278 2893 487 2956 laborandum
510 2896 567 2976 est,
599 2915 640 2957 ne
662 2914 812 2978 procerae
834 2891 908 2956 illae
931 2893 1110 2956 sententiae
1138 2892 1221 2955 11111
1248 2893 1315 2956 sint
1343 2895 1418 2957 ami-

279 3000 359 3078 ctae,
384 3017 464 3060 neve
479 2997 659 3060 indecorius
676 2998 810 3079 cinctae,
827 3016 908 3059 neve
926 2995 993 3058 sint
1007 2995 1219 3058 seminudae0.
1235 2995 1418 3082 llMemini-

278 3098 343 3162 stin
366 3098 434 3162 eius
457 3099 611 3162 orationis
632 3101 717 3180 tuae,
747 3120 843 3181 quarn
864 3098 995 3161 vixdum
1015 3097 1188 3180 pueritiam
1216 3094 1362 3181 egressus
1384 3098 1419 3160 in

363 3255 431 3304 alu
449 3256 574 3318 rrrarpz'ue:
595 3249 751 3314 Quiritem
769 3266 848 3302 suam
867 3280 898 3287 —
917 3247 1062 3302 dediderit.
1100 3278 1105 3287 ·

363 3334 381 3388 b
401 3339 434 3388 In
452 3340 575 3402 margine:
596 3331 704 3397 Quanto
723 3334 924 3403 1111111111-
941 3332 1102 3386 vestiuntur.

363 3436 378 3473 o
399 3424 431 3473 ln
449 3425 573 3487 nmrpine:
592 3418 738 3486 Agendum
756 3435 791 3472 ne
809 3417 864 3470 sint
885 3418 958 3471 male
976 3418 1108 3484 amictae,
1130 3417 1286 3472 indecorius
1305 3419 1419 3485 cinctae,

278 3505 444 3559 seminudae.

365 3664 377 3709 1
399 3657 443 3710 Pr.
463 3674 499 3709 m.
519 3657 551 3709 ut
568 3656 690 3710 videtur:
707 3663 794 3723 paradi.

363 3749 378 3793 2
396 3740 496 3810 Incipit
516 3740 581 3794 Cod.
600 3740 663 3794 Vae.
683 3759 710 3810 p.
725 3747 765 3794 92.

353 3832 378 3888 ,3
398 3825 501 3878 Codex:
521 3837 556 3879 ul.

361 3915 378 3962 4
396 3910 439 3963 Ita
457 3909 557 3977 Codex,
575 3914 739 3965 111111νὶ11.
768 3908 886 3964 Videtur
904 3927 970 3965 sane
987 3910 1091 3964 Fronto
1118 3909 1222 3964 imitari
1239 3908 1368 3963 Plautum
1385 3940 1418 3948 -

278 3998 309 4049 ut
332 4012 416 4064 supra
437 3994 466 4048 in
488 3994 574 4048 verbo
601 4015 751 4050 concessare
773 4025 807 4036 -
829 3995 999 4050 Menaechm.
1019 3995 1052 4062 V,
1065 4001 1143 4062 7,57‚
1161 3995 1209 4048 ubi
1227 3993 1341 4064 Codices
1362 3994 1419 4047 mei

277 4081 383 4135 habent
400 4087 478 4134 setius
497 4082 525 4134 et
542 4085 636 4145 secius,
659 4097 715 4134 non
732 4087 837 4146 sectius,
864 4081 940 4134 cuius
962 4083 1121 4150 postremae
1144 4080 1297 4149 scripturae
1314 4080 1418 4132 frustra

277 4164 394 4220 fortasse
417 4165 554 4219 rationem
575 4165 661 4219 habet
683 4164 859 4219 Porcellinus.
901 4163 1001 4218 Confer
1024 4167 1118 4218 autem
1136 4163 1255 4218 Gellium
1272 4164 1374 4230 XVIII,
1393 4171 1416 4217 9.

277 4250 325 4304 ubi
347 4251 417 4304 item
439 4251 532 4319 legere
555 4249 648 4303 malim
670 4256 756 4305 setun.
791 4255 888 4306 Maius.
931 4249 973 4301 De
996 4248 1112 4316 antiqua
1133 4249 1223 4301 forma
1244 4255 1337 4303 sectius
1360 4249 1419 4317 egit

277 4334 442 4389 Ritschelius
459 4335 533 4389 Prol.
553 4335 675 4389 Trinum.
694 4353 721 4403 p.
735 4333 841 4388 LXXV.
863 4332 1031 4387 Fleckeisen.
1044 4333 1114 4386 Mus.
1127 4332 1214 4385 Rhen.
1228 4332 1301 4388 VIII.
1319 4352 1347 4403 p.
1358 4339 1416 4387 221.

362 4426 377 4474 5
396 4418 462 4473 Cod.
481 4438 522 4488 pr.
542 4438 578 4472 m.
597 4426 688 4489 inpari.

362 4510 377 4556 6
395 4504 437 4556 De
449 4501 536 4557 Marci
553 4502 678 4573 impenso
691 4521 759 4574 erga
770 4491 914 4556 Rristicum
932 4502 1023 4555 studio
1043 4501 1110 4556 satis
1123 4502 1190 4556 dicit
1198 4501 1344 4572 Capitolia.
1359 4521 1381 4557 c.
1392 4510 1415 4557 3.

277 4587 343 4641 Eius
363 4588 474 4641 consilio
486 4589 596 4641 Marcus
614 4605 642 4641 11
661 4589 696 4642 ab
715 4587 861 4641 rhetoricis
880 4586 1016 4641 exercitiis
1034 4588 1206 4642 abstractum
1223 4587 1307 4641 luisse
1326 4588 1365 4641 ait
1383 4588 1418 4639 de

278 4674 336 4726 reb.
357 4672 412 4726 suis
431 4673 451 4739 I,
465 4679 487 4726 7.
528 4672 711 4726 Nihilominus
734 4670 847 4724 Rustico
874 4686 957 4740 saepe
980 4689 1009 4725 se
1031 4671 1147 4726 innocue
1171 4672 1356 4726 succensuisse
1378 4672 1418 4724 ait

278 4757 388 4811 Marcus
408 4758 441 4811 de
459 4758 528 4810 Reb.
549 4776 568 4810 s.
588 4759 608 4823 I,
622 4763 661 4810 17.
698 4761 791 4809 Maius.

363 4848 377 4896 7
396 4841 496 4910 Incipit
514 4839 579 4893 Cod.
598 4840 661 4893 Vat.
680 4858 707 4908 p.
722 4845 762 4894 91.
