3300 5950
292 813 328 858 1v
718 794 996 849 PROLEGOMENA.

178 1048 183 1056 .
290 965 357 1029 fere
379 966 532 1050 indignus
554 967 709 1030 videatur.
754 965 875 1040 Quibus
906 989 979 1029 cum
1002 968 1158 1032 confidam
1180 990 1231 1032 me
1252 967 1353 1031 multa
1375 967 1430 1031 ha-

291 1067 383 1150 bere,
406 1090 486 1152 quae
508 1089 676 1151 reponam,
699 1066 779 1130 illud
801 1068 939 1151 primum
962 1068 1195 1133 observandum
1217 1074 1281 1151 est,
1306 1070 1332 1132 si
1355 1068 1430 1133 Nie-

290 1168 422 1245 buhrius
454 1170 563 1232 statim
595 1172 668 1252 post
700 1168 821 1231 Maium
857 1190 973 1232 novam
1010 1170 1181 1233 editionem
1215 1171 1427 1252 adornaverit,

290 1269 459 1333 ridiculum
480 1292 531 1333 me
557 1271 642 1352 fore,
672 1270 699 1332 si
726 1269 823 1333 stulte
852 1274 884 1333 et
906 1274 1096 1354 arroganter
1123 1271 1311 1354 despiciam,
1346 1273 1429 1355 quod

289 1374 381 1434 tanto
404 1372 452 1434 vir
479 1372 610 1455 ingenio
632 1372 795 1454 tantisque
823 1371 988 1434 doctrinae
1017 1372 1130 1455 opibus
1160 1372 1298 1436 libenter
1326 1394 1429 1435 susce-

288 1474 389 1555 perit,
420 1495 491 1535 cum
513 1472 702 1555 praesertim
724 1473 860 1536 editores
882 1471 1107 1536 Berolinenses
1129 1496 1195 1537 non
1219 1475 1430 1558 cognoverint

290 1596 327 1637 ea
350 1596 446 1657 quae,
476 1574 586 1658 paucis
609 1574 703 1637 annis
724 1577 813 1657 post,
848 1578 975 1657 reperto
997 1573 1159 1638 Vaticano
1183 1575 1306 1657 codice,
1337 1576 1429 1638 bonis

286 1674 403 1738 litteris
435 1677 468 1738 et
500 1676 601 1739 doctis
639 1675 822 1738 hominibus
861 1674 961 1738 veluti
995 1676 1035 1737 ab
1070 1675 1153 1739 Orco
1186 1676 1310 1741 reddita
1343 1678 1427 1739 sunt.

288 1774 405 1850 Quodsi
434 1779 561 1858 repnte,
592 1775 679 1839 subit
705 1777 830 1859 mirari,
865 1776 920 1860 qui
946 1777 1069 1839 facturn
1092 1776 1134 1839 sit
1156 1780 1193 1839 ut
1215 1798 1272 1860 per
1293 1778 1428 1860 quadra-

287 1878 380 1961 ginta
402 1899 502 1947 annos
525 1899 618 1940 nemo
641 1878 817 1960 exstiterit,
847 1877 902 1961 qui
923 1877 1108 1961 fragmenta
1130 1877 1290 1941 Vaticana
1312 1879 1428 1941 iterum

286 1981 469 2043 recenseret
496 1978 644 2062 ipsosque
667 1979 790 2043 codices
814 1979 931 2060 adiret,
964 2000 1035 2041 cum
1056 1982 1167 2042 tamen
1189 1982 1263 2061 post
1285 1978 1427 2042 Niebuh-

286 2081 326 2143 rii
348 2101 478 2163 operam
500 2080 584 2162 apud
606 2101 715 2142 omnes
739 2081 912 2161 constaret,
935 2079 970 2141 in
991 2080 1213 2142 Ambrosianis
1235 2079 1427 2163 fragmentis

287 2182 470 2265 digerendis
492 2180 614 2244 Maium
636 2202 701 2265 non
723 2181 843 2244 maiore
871 2182 987 2264 peritia
1016 2202 1111 2264 quam
1132 2180 1194 2244 fide
1215 2181 1314 2244 fuisse
1336 2203 1428 2243 usum

288 2282 456 2365 officioque
479 2282 609 2345 editoris
632 2282 803 2346 desultorie
824 2283 973 2347 functum
996 2303 1073 2345 esse.
1346 2349 1347 2352 Ἴ

372 2383 433 2449 Sed
461 2382 656 2446 laudandum
685 2386 733 2446 est
760 2384 1045 2467 prudentissimum
1066 2382 1235 2446 Niebuhrii
1262 2383 1425 2465 iudicium,

286 2487 314 2549 si
335 2488 479 2549 veterum
502 2484 673 2567 scriptores
695 2485 814 2567 partim
837 2485 903 2547 sint
924 2486 1126 2567 praestantes
1141 2487 1174 2547 et
1194 2506 1323 2567 prorsus
1339 2505 1427 2568 egre-

286 2587 343 2670 gii,
366 2586 485 2669 partim
506 2585 583 2648 boni
604 2606 665 2648 nec
686 2588 795 2648 tamen
819 2586 950 2667 optimi,
974 2585 1091 2668 partim
1113 2584 1201 2647 inira
1223 2585 1367 2649 ordinem
1390 2608 1427 2649 ac

285 2690 422 2751 fortasse
444 2686 590 2770 pessimi,
614 2686 649 2748 in
671 2685 735 2748 illis
757 2685 908 2748 heroibus
930 2688 963 2749 et
984 2686 1192 2768 scriptoribus
1216 2685 1357 2749 classicis
1379 2687 1426 2769 ip-

285 2811 336 2853 sos
357 2789 538 2852 litterarmn
560 2787 666 2870 apices
686 2809 809 2850 summa
832 2809 904 2850 oum
927 2810 1002 2850 cura
1025 2788 1111 2871 exigi
1134 2787 1263 2869 debere,
1286 2788 1322 2851 in
1345 2792 1425 2851 cete-

285 2892 329 2954 ris
351 2911 413 2975 quo
436 2913 454 2952 a
476 2889 619 2971 perfecta
640 2889 841 2971 praestantia
868 2888 995 2972 longius
1025 2889 1147 2971 absint,
1183 2910 1220 2952 eo
1247 2890 1351 2973 magis
1379 2911 1426 2952 re-

284 2993 386 3056 laxari
408 3012 500 3075 posse
523 2992 681 3054 minutam
703 3012 799 3074 quam
822 2991 936 3054 ceteris
957 2991 1109 3067 tribueris
1133 2991 1346 3074 diligentiam,
1371 2992 1425 3054 sed

284 3096 331 3157 ita
362 3096 473 3156 tamen
507 3093 604 3155 etiam
636 3091 790 3175 pessimos
823 3075 1009 3155 tractandos
1036 3094 1069 3155 et
1096 3094 1316 3155 retractandos
1345 3113 1423 3173 esse,

285 3195 386 3259 donec
410 3194 626 3257 conditionem
648 3192 848 3257 tolerabilem
870 3193 1059 3257 reddideris:
1088 3215 1182 3257 omne
1205 3193 1291 3256 enim
1314 3215 1369 3255 vas
1392 3196 1425 3255 et

285 3317 411 3360 omnem
444 3294 673 3378 supellectilem
700 3294 736 3356 in
764 3294 857 3357 domo
891 3294 972 3357 bene
1004 3296 1165 3358 instructa
1191 3294 1327 3357 nitidam
1357 3315 1424 3357 esse

286 3397 415 3478 debere,
444 3417 548 3479 neque
577 3416 767 3478 quemquam
795 3394 833 3457 de
861 3395 1022 3458 veteribus
1055 3396 1264 3478 scriptoribus
1296 3416 1424 3477 prorsus

285 3520 354 3562 esse
375 3496 616 3581 negligendum.
657 3495 829 3559 Frontonis
852 3499 958 3560 autem
980 3496 1050 3579 quis
1074 3497 1289 3561 conditionem
1311 3495 1424 3559 tolera-

283 3599 380 3663 bilem
403 3598 505 3680 dicat,
538 3620 609 3661 cum
631 3597 736 3662 Maius
765 3597 938 3680 pristinum
959 3597 1109 3661 foliorum
1131 3598 1275 3661 ordinem
1297 3597 1424 3660 restitu-

285 3722 337 3764 ere
351 3704 425 3763 'non
446 3699 588 3783 potuerit
610 3698 698 3762 etin
722 3699 829 3762 codice
852 3698 1044 3762 conferendo
1067 3699 1236 3763 admodmn
1257 3697 1423 3782 negligen-

283 3805 334 3865 ter
356 3803 498 3865 versatus
521 3801 584 3864 sit?
621 3801 705 3863 unde
732 3799 819 3863 mille
848 3811 969 3864 errores
997 3801 1067 3864 nati
1095 3804 1185 3883 sunt,
1219 3800 1339 3883 partim
1359 3800 1424 3862 iam

285 3903 387 3966 acutis
410 3901 684 3966 emendationibus
707 3900 836 3985 sublati,
860 3902 978 3985 partim
999 3923 1086 3965 nunc
1108 3902 1235 3965 demum
1256 3900 1422 3983 patefacti,

284 4005 402 4087 partim
425 4004 522 4067 etiam
544 4002 716 4086 detegendi
739 4002 768 4065 ei
790 4004 845 4086 qui
866 4006 940 4085 post
960 4025 1011 4065 me
1033 4002 1150 4066 veniet.

367 4103 519 4168 Nondum
540 4107 651 4168 tamen
673 4103 816 4167 elocutus
838 4126 909 4168 sum
931 4104 1006 4187 quid
1028 4103 1136 4185 fuerit,
1161 4125 1217 4166 cur
1230 4125 1288 4187 per
1303 4103 1424 4187 aliquot

283 4227 408 4269 menses
430 4208 535 4269 totmn
555 4227 606 4269 me
635 4205 743 4268 darem
771 4205 927 4268 Frontoni
954 4205 1184 4288 cognoscendo
1231 4203 1264 4268 Si
1291 4203 1424 4268 Fronto-

257 4386 258 4390 ,
284 4307 399 4371 nianas
422 4306 571 4390 epistolas
593 4310 772 4389 temporum
799 4306 924 4370 ratione-
951 4305 1161 4388 disposueriS,
1191 4306 1322 4389 egregia
1350 4328 1422 4369 con-

283 4408 390 4471 ferent
423 4408 462 4470 ad
495 4408 751 4491 perspiciendam
783 4407 923 4471 indolem
952 4405 996 4469 M.
1030 4405 1190 4469 Antonini
1222 4405 1420 4489 Philosophi,

285 4509 324 4571 ad
346 4530 440 4591 quem
454 4507 575 4572 Fronto
596 4510 783 4593 frequenter
805 4507 1048 4591 scriptitavitet
1070 4507 1159 4571 cuius
1180 4506 1335 4591 plurimae
1358 4509 1422 4591 epi-

284 4609 384 4672 stolae
411 4610 446 4672 in
470 4610 576 4674 codice
604 4613 785 4695 supersunt.
830 4608 919 4673 Utile
952 4611 986 4672 et
1018 4608 1194 4672 iucundmn
1226 4611 1275 4672 est
1303 4609 1419 4691 videre,

283 4733 346 4794 qua
368 4711 544 4791 studiorum
566 4712 705 4793 ratione,
730 4712 809 4774 duce
831 4708 1008 4791 Frontone,
1043 4731 1137 4793 quem
1158 4710 1330 4793 plurimum
1353 4711 1421 4773 dili-

283 4815 384 4896 geret,
401 4811 555 4896 Princeps
571 4835 646 4875 usus
669 4813 721 4894 sit,
745 4811 887 4874 omnium
905 4812 959 4894 qui
974 4809 1095 4875 Romae
1117 4813 1317 4895 imperanmt
1339 4812 1420 4896 opti-
