3300 5950
632 800 813 855 PRINCIPIA
831 800 1033 855 HISTORIAE.
1339 806 1400 869 207

265 970 448 1033 omittendis
481 972 515 1034 in
543 971 675 1034 velitum
712 974 807 1055 atque
839 972 1036 1034 funditorum
1070 972 1198 1035 modum
1232 972 1399 1035 seminudi.

263 1071 395 1135 Praeter
416 1072 633 1136 huiuscemodi
661 1072 813 1136 dedecora
842 1073 933 1136 malis
954 1072 1083 1156 proeliis
1108 1074 1154 1136 ita
1175 1074 1312 1157 perculsi
1334 1075 1401 1137 fue-

264 1176 350 1255 runt,
374 1176 411 1236 ut
430 1174 469 1236 ad
497 1173 635 1256 primum
663 1173 856 1237 Parthorum
885 1177 1090 1257 conspectum
1111 1177 1205 1258 terga
1227 1176 1400 1257 verterent,

263 1274 356 1337 tubas
379 1275 469 1358 quasi
490 1276 588 1360 fugae
611 1274 740 1358 signum
763 1276 910 1338 canentis
938 1274 1115 1338 audirent⁸.
1161 1274 1298 1338 Tantam
1320 1276 1401 1339 mili-

263 1376 342 1439 taris
365 1376 553 1459 disciplinae
575 1375 679 1439 labem
703 1376 852 1457 coercuit,
877 1376 1034 1440 industria
1056 1399 1114 1439 sua
1136 1376 1176 1439 ad
1197 1376 1401 1440 militandum

264 1477 407 1560 exemplo
435 1478 641 1561 proposita.}¹
683 1477 809 1541 Primus
843 1478 911 1560 ipse
939 1478 981 1540 in,
1002 1477 1131 1561 agmine
1158 1476 1243 1540 haud
1276 1479 1400 1560 saepius

237 1599 342 1660 equo
364 1578 436 1642 vehi
464 1600 559 1661 quam
587 1579 721 1661 pedibus
748 1579 874 1643 fatisci:
903 1581 972 1641 tam
999 1578 1097 1641 solem
1125 1579 1280 1642 torridum
1305 1579 1401 1642 facile

262 1701 357 1761 quam
379 1679 463 1743 diem
492 1701 638 1743 serenum
665 1678 763 1743 ferre:
792 1679 956 1763 pulverem
984 1679 1164 1743 confertum
1191 1701 1249 1762 pro
1276 1680 1400 1743 nebulis

261 1780 345 1862 pati:
368 1780 514 1844 sudorem
535 1781 570 1844 in
593 1781 700 1862 armis,
725 1783 761 1843 ut
782 1781 816 1842 in
831 1780 972 1861 ludicris,
997 1780 1127 1863 iusuper
1147 1780 1281 1844 habere:
1306 1784 1401 1865 caput

263 1882 427 1962 apertum²
450 1881 508 1944 soli
533 1884 564 1943 et
591 1880 745 1944 imbribus
769 1885 800 1944 et
822 1880 973 1965 grandini
997 1883 1029 1943 et
1050 1880 1178 1944 nivibus
1203 1903 1305 1964 neque
1333 1903 1400 1946 cor-

257 1981 339 2061 pus³
367 1982 517 2045 adversus
539 1981 604 2044 tela
631 1981 790 2044 munitum
817 1982 984 2065 praebere:
1021 1982 1203 2064 spectandis
1231 1982 1266 2044 in
1290 2004 1401 2065 campo

262 2081 416 2146 militibus
442 2104 573 2165 operam
600 2082 685 2163 dare,
716 2086 748 2145 et
776 2104 890 2167 aegros
918 2082 1120 2146 intervisere:
1149 2103 1214 2145 uon
1242 2082 1401 2145 incuriose

262 2205 319 2264 per
340 2183 478 2246 militum
508 2183 717 2246 contubernia
738 2184 892 2264 transire3
922 2184 976 2246 sed
999 2183 1082 2246 forte
1109 2186 1228 2246 temere
1250 2181 1401 2265 Syrorum

261 2285 435 2348 munditias
451 2284 678 2366 introspicere⁴
701 2283 942 2348 Pannoniorum
957 2284 1118 2348 inscitias:
1142 2284 1179 2346 de
1196 2283 1284 2346 cultu
1300 2284 1401 2347 cuius·

262 2408 321 2468 que
349 2386 516 2469 ingenium
544 2386 726 2449 arbitrarib.
772 2384 849 2448 Sero
877 2385 946 2468 ipso
973 2388 1046 2468 post
1068 2384 1174 2448 decisa
1200 2384 1331 2467 negotia
1357 2383 1401 2447 la-

261 2488 362 2549 vari⁵z
391 2508 503 2549 mensa
532 2487 652 2569 sobria,
688 2486 773 2549 victu
806 2487 840 2549 in
869 2485 982 2548 castris
1015 2485 1154 2568 plebeio:
1189 2485 1299 2547 vinum
1327 2485 1399 2569 loci,

262 2610 376 2670 aquam
408 2589 561 2670 temporis
593 2587 739 2651 biberc0:
782 2587 919 2670 primam
951 2586 1095 2671 vigiliam
1127 2586 1222 2648 facile
1256 2586 1399 2669 vigilare,

260 2693 455 2771 postremum
478 2690 662 2752 iamdudum
684 2688 870 2772 expergitus
885 2687 1038 2770 operiri⁶:
1060 2688 1168 2750 labore
1186 2687 1289 2770 magis
1306 2709 1401 2770 quam

261 2792 326 2854 otio
347 2791 478 2854 laetari:
508 2790 572 2853 otio
596 2790 636 2853 ad
657 2790 799 2853 laborem
822 2789 947 2852 abutil:
978 2811 1077 2853 vacua
1104 2788 1296 2851 militaribus
1323 2791 1401 2851 tem-

261 2913 338 2973 pora
361 2891 506 2955 civilibus
534 2890 673 2975 negotiis
700 2911 866 2973 occupare.
917 2890 957 2952 ln
983 2889 1137 2972 paenuria
1165 2889 1271 2952 subita
1305 2889 1400 2951 ramis

260 3015 500 3076 nonnumquam
523 2995 554 3055 et
576 2991 743 3054 frondibus
759 3014 817 3075 pro
833 2991 1029 3075 supellectile
1051 3012 1126 3053 usus
1144 2993 1201 3072 est,
1227 2990 1401 3072 caespitem

261 3094 422 3157 interdum
437 3096 473 3155 ut
486 3096 592 3155 torum
615 3092 782 3155 incubans.
825 3091 978 3156 Somnum
1001 3091 1085 3174 cepit
1107 3090 1215 3153 labore
1237 3094 1398 3174 paratum,

261 3216 326 3256 uon
359 3192 487 3257 silentio
520 3194 699 3276 quaesitum
707 3207 728 3254 θ.
767 3193 921 3256 Graviora
955 3190 1105 3279 [de]mum
1132 3213 1278 3275 perverse
1312 3192 1400 3255 facta

261 3316 368 3358 severe
391 3294 626 3376 animadvertit,
650 3293 768 3357 leviora
783 3294 888 3357 sciens
910 3293 1135 3356 dissimulavit:
1165 3293 1269 3356 locum
1290 3294 1399 3376 paeni-

260 3396 348 3459 tendi
383 3395 520 3478 reliquit.
572 3395 656 3458 Nam
672 3395 697 3479 17
715 3396 831 3458 delicta
864 3417 921 3458 sua
953 3395 1110 3478 plerique,
1150 3394 1225 3457 dmn
1257 3395 1397 3478 ignorari

346 3600 363 3635 a
381 3586 413 3634 In
431 3587 556 3650 margine:
575 3581 669 3635 Tabas
689 3611 720 3617 —
739 3582 869 3634 canentes
888 3582 935 3645 (ica
952 3582 1020 3645 cod.)
1039 3578 1173 3632 audirent.

346 3667 363 3717 b
382 3670 415 3718 In
433 3670 557 3734 margine:
575 3664 616 3717 Dc
635 3664 708 3717 cultu
726 3693 760 3702 -
777 3663 915 3717 arbitrari.

346 3753 410 3803 cIn
428 3755 552 3818 margine:
571 3749 673 3802 Vinum
687 3779 718 3787 -
736 3747 842 3802 bibere.
888 3798 892 3803 .

345 3835 363 3886 d
381 3838 413 3887 Iu
431 3839 556 3902 spargine:
575 3833 682 3887 Labore
701 3861 733 3870 -
751 3831 838 3886 abuti.

346 3936 360 3971 e
379 3922 411 3971 In
430 3923 553 3984 marmur:
573 3916 705 3970 Somnum
723 3915 819 3970 labore
838 3922 967 3984 paratum
987 3946 1017 3954 —
1038 3915 1201 3983 quaesitum.

347 4077 359 4122 1
378 4069 478 4139 Incipit
496 4067 562 4122 Cod.
580 4086 608 4136 p.
628 4073 684 4122 257.

345 4160 359 4207 2
378 4154 560 4222 Praeceptum
582 4150 755 4204 Platonicum
777 4151 830 4205 hoc
853 4153 907 4215 est,
934 4152 1100 4206 observante
1118 4151 1277 4219 Hieronym.
1298 4166 1396 4206 comm.

261 4239 288 4290 in
306 4238 404 4292 Matth.
429 4237 448 4290 1.
476 4245 514 4292 10.
536 4243 573 4311 10.
611 4239 704 4290 illatis.
736 4234 919 4301 Hieronymus
941 4235 969 4287 in
988 4238 1080 4289 mente
1099 4234 1197 4288 habuit
1215 4235 1284 4288 Plat.
1309 4236 1396 4304 Legg.

260 4322 317 4375 XII.
339 4328 387 4375 94⁸2
405 4321 438 4373 D.

345 4415 359 4459 3
377 4405 510 4459 Excidere
529 4404 649 4472 quinque
667 4403 784 4457 litterae.

344 4497 360 4543 4
378 4488 491 4557 Aliquid
507 4488 552 4542 hic
569 4489 597 4541 in
617 4487 716 4542 Codice
734 4488 879 4542 turbatum
897 4505 956 4542 esse
975 4489 1100 4557 apparet.
1125 4487 1188 4540 Non
1206 4487 1306 4540 sufficit
1323 4488 1397 4554 quod

260 4577 348 4629 Maius
366 4573 532 4642 interposuit
549 4585 584 4631 et.
607 4572 781 4627 Heindorfius
798 4589 850 4641 pro
861 4578 931 4638 sorte
943 4583 1037 4626 temere
1054 4571 1185 4640 proponit
1201 4591 1284 4640 prope
1296 4579 1396 4627 intueri.

346 4667 360 4711 ἵ)
379 4657 445 4711 Cod.
464 4656 611 4712 videbatur
628 4657 732 4710 habere
751 4663 818 4710 lacot
836 4667 869 4710 et.

344 4743 420 4794 ulta
438 4741 537 4795 Codex.

345 4834 358 4882 7
378 4825 507 4894 Sequitur
525 4824 590 4878 Cod.
610 4842 636 4894 p.
657 4831 713 4891 256,
731 4823 759 4878 in
777 4842 833 4893 qua
850 4841 939 4894 pauca
957 4823 1088 4894 distingui
1105 4828 1228 4894 possunt.
