3300 5950
252 799 313 861 llO
466 797 503 850 Μ.
517 795 686 849 CORNELII
703 794 911 849 FaoNToNts
928 793 1184 848 EPISTULARUM

247 976 423 1048 plerumque
444 975 550 1032 milites
571 974 602 1031 ia
625 976 742 1032 statiuis
762 975 872 1032 eastris
895 971 1023 1030 babebat
1029 993 1040 1038 ‚·
1073 974 1134 1030 uisi
1153 988 1219 1030 eum
1243 972 1316 1029 octos
1339 977 1392 1030 aut

245 1077 354 1149 pabuli
379 1083 495 1148 epestas
522 1077 619 1134 laeum
647 1082 766 1133 mutare
787 1076 957 1147 subaperut.
1006 1073 1070 1131 Sea
1095 1090 1190 1146 aeque
1218 1074 1391 1132 muuiebmt-

248 1173 317 1236 tur¹
348 1194 443 1251 aeque
470 1193 553 1236 more
574 1179 701 1235 militari
721 1178 844 1249 pipiliae
865 1176 1111 1235 deducebantur:
1139 1181 1172 1233 ut
1193 1178 1301 1248 cuique
1322 1176 1391 1233 tibe-

248 1280 313 1346 bat,
357 1279 395 1336 ab
429 1281 522 1352 sipuis
554 1280 668 1337 aberet.
723 1279 821 1338 Liuoe
858 1280 1006 1353 permixti
1041 1294 1107 1337 eum
1146 1279 1287 1335 militibus
1320 1272 1391 1335 etiu‘2

247 1388 397 1455 noctuque
418 1382 625 1454 oapabuutur:
642 1383 787 1456 patoutes
812 1397 905 1454 apros
927 1386 1058 1453 uastare,
1089 1381 1177 1438 uillas
1198 1395 1389 1453 eapupuare,

245 1485 363 1558 peeoris
385 1490 413 1542 et
434 1485 656 1557 mancipiorum
678 1484 818 1558 praedas
845 1489 998 1542 certantes
1020 1498 1122 1558 apere,
1151 1498 1248 1554 eupue
1275 1488 1393 1540 mutare

247 1602 314 1645 eum
337 1586 556 1644 mercatoribus
578 1587 646 1644 uiuo
670 1586 836 1644 aduecticio
851 1592 887 1668 ¹et
908 1586 977 1643 aliis
995 1584 1117 1650 talibus;
1138 1589 1303 1658 praeterea
1314 1582 1390 1655 sru-

248 1693 375 1746 meutum
395 1688 515 1760 publice
538 1689 642 1745 dutum
657 1688 797 1759 uendere,
820 1701 933 1761 panem
948 1688 979 1745 iu
995 1687 1058 1744 dies
1072 1687 1221 1744 mereari:
1238 1691 1392 1760 postremo

248 1805 451 1863 piraeeumpue
478 1790 541 1847 diei
566 1795 620 1847 aut
639 1790 717 1861 tiapi
738 1795 849 1862 pueumt
876 1790 1016 1861 ipaauiue
1042 1789 1246 1861 luxuriaeque
1262 1789 1389 1861 probra,

248 1906 285 1947 ea
307 1892 338 1949 iu
360 1893 412 1949 illo
434 1893 569 1950 exercitu
590 1897 699 1950 euueta
719 1889 810 1962 suere
832 1898 861 1949 et
881 1892 945 1948 alia
961 1891 1097 1963 emptius.
1136 1889 1199 1946 Sea
1219 1892 1250 1947 ia
1272 1906 1308 1946 ea
1331 1889 1392 1962 aif-

245 1994 380 2063 peuttute
395 1993 568 2053 llleteltumss
590 2009 650 2051 uou
672 1995 769 2053 miuus
792 2008 882 2066 quam
910 1994 942 2051 iu
964 1993 1052 2051 rebus
1074 1992 1228 2050 ltostilibus
1249 2008 1391 2064 mctpuum

247 2100 277 2152 et
297 2097 462 2169 sapientem
491 2096 587 2154 uirum
605 2092 702 2165 fuisse
727 2088 938 2176 [comperior],
956 2078 1054 2152 ¹tauta
1083 2096 1283 2169 temperantia
1313 2097 1392 2153 iuter

248 2196 448 2264 ambitionem,
481 2199 637 2255 saeuitiam
661 2242 667 2254 .
693 2242 700 2255 .
730 2190 850 2254 Animo
865 2190 890 2274 ³!
911 2240 1175 2253 .........
1200 2194 1356 2255 suetum.
1383 2242 1389 2254 .

249 2290 403 2380 avebam]
431 2344 462 2360 ..
485 2290 645 2380 iniu[rias]
669 2292 890 2357 habuisset..
915 2292 956 2355 ab
977 2291 1033 2355 illo
1057 2343 1063 2355 .
1089 2342 1096 2355 .
1120 2313 1173 2354 sae
1198 2343 1204 2355 .
1226 2343 1232 2355 .
1256 2293 1347 2356 bene.

245 2405 258 2438 .·
333 2394 414 2458 ⁴¹Sed
437 2446 444 2458 .
469 2446 476 2457 .
502 2446 508 2457 .
533 2398 565 2457 et
586 2394 804 2477 voluptatibus
828 2445 835 2458 .
861 2445 867 2458 .
893 2445 899 2457 .
925 2444 932 2457 .

334 2497 415 2559 ⁵Sett
435 2504 466 2560 iu
488 2502 534 2560 bis
555 2507 623 2559 erut
645 2496 855 2575 Semproutub,
886 2504 964 2573 quae
984 2503 1079 2560 multu
1100 2517 1190 2575 saepe
1212 2504 1308 2561 uirilis
1331 2520 1390 2562 au-

248 2602 358 2662 dueiue
374 2602 522 2674 fueiuoru
543 2605 741 2662 commiserat.
787 2604 873 2662 Haeo
894 2605 1004 2662 mulier
1029 2619 1140 2676 peuere
1162 2610 1254 2677 atoue
1272 2604 1388 2677 forma,

243 2712 410 2778 praeterea
432 2707 497 2763 uiro
518 2705 620 2764 liberis
644 2708 718 2764 sutis
741 2704 924 2777 fortunato:
952 2707 1061 2763 titteris
1085 2708 1207 2778 praecis
1233 2714 1261 2765 et
1287 2708 1392 2765 tutiuis

248 2808 354 2875 doeta:
377 2809 536 2881 psaltere,
571 2809 687 2865 sultare
714 2808 881 2881 etepautius
914 2823 1005 2881 quam
1038 2824 1158 2866 neeesse
1190 2815 1235 2867 est
1256 2809 1390 2884 probae:

248 2910 343 2967 multu
365 2910 428 2967 ulia
451 2924 529 2984 quae
549 2910 746 2968 iustrumenta
766 2910 927 2988 *tuuuriae
978 2909 1041 2967 Sed
1067 2911 1097 2967 ei
1122 2898 1247 2969 eurioru
1275 2927 1392 2987 semper
1474 2956 1477 2961 .

249 3013 349 3070 omuiu
371 3028 461 3086 quam
484 3012 577 3071 decus
607 3056 613 3069 .
640 3055 646 3070 .
674 3057 679 3068 .
705 2992 720 3071 .’
739 3056 1071 3073 ...........
1095 3008 1298 3092 autliel⁶ture
1319 3031 1389 3079 sese,

248 3130 355 3172 mamus
382 3116 533 3188 supplices
566 3115 609 3172 aa
634 3116 751 3174 eaelum
778 3116 915 3183 teudere,
953 3117 1095 3174 miserari
1122 3131 1236 3189 paruos
1270 3117 1388 3190 liberos,

334 3312 351 3347 a
368 3299 405 3347 Iu
420 3301 544 3362 marpiue:
563 3293 604 3349 De
622 3295 713 3349 forma
729 3293 914 3365 imperatoris.

332 3379 351 3432 b
371 3383 403 3433 lu
421 3387 545 3448 murpiue:
566 3379 730 3449 Sempronia
747 3387 830 3436 muita
842 3399 925 3452 saepe
937 3382 1019 3437 uirilis
1036 3382 1168 3437 audaciae
1185 3383 1310 3437 facinora
1327 3403 1391 3438 conr-

248 3463 370 3517 miserat.

335 3642 347 3686 1
368 3631 433 3687 Cod.
453 3651 507 3688 seo.
525 3651 561 3688 m.
580 3640 752 3690 struebantur.
786 3636 862 3691 Nota
878 3638 948 3692 haee
966 3637 1021 3692 duo
1038 3641 1132 3706 verba,
1155 3655 1226 3707 quae
1245 3637 1344 3692 desunt
1361 3639 1390 3691 iu

248 3718 387 3788 plerisque
406 3718 529 3773 Sallustii
546 3717 699 3774 Codioibus.
727 3723 879 3778 Praeterea
896 3724 971 3792 apud
989 3723 1151 3776 Sallustium
1168 3723 1281 3791 legitur:
1300 3730 1390 3776 utititas

248 3811 347 3860 statiuis
365 3812 458 3860 eastris
476 3836 507 3845 —
526 3811 563 3859 uti
580 3812 668 3875 cuique
686 3811 779 3863 libebat
796 3841 828 3848 -
847 3821 874 3862 et
888 3815 1007 3876 palantes
1025 3828 1102 3877 apros
1119 3839 1153 3850 -
1168 3812 1279 3876 probru,
1303 3813 1329 3860 iu
1346 3815 1389 3861 illo

249 3897 373 3945 eueraitu.

333 3981 349 4029 2
367 3977 410 4030 Ita
427 3975 523 4031 Maius.

334 4069 349 4117 3
368 4062 468 4132 Incipit
491 4061 556 4117 Cod.
576 4064 672 4117 Ambr.
690 4082 717 4133 p.
733 4070 774 4131 96,
797 4063 847 4119 sed
864 4063 934 4117 nihil
953 4064 983 4117 in
1005 4083 1039 4120 ea
1060 4065 1117 4134 legi
1138 4067 1243 4136 potest:
1266 4068 1390 4135 sequitur
1497 4069 1500 4073 ’

249 4146 308 4200 tum
326 4166 353 4216 p.
368 4153 408 4214 89,
426 4146 524 4202 itidem
542 4150 660 4203 obseura
678 4151 706 4202 et
722 4149 866 4215 lacunosa,
891 4148 921 4202 in
943 4167 999 4218 qua
1020 4167 1126 4220 paucae
1149 4153 1259 4205 tantum
1279 4152 1390 4206 litterae

250 4231 455 4300 conspiciuntur
476 4251 571 4287 versus
592 4233 748 4301 marginem
771 4234 945 4289 exteriorem.
990 4234 1114 4288 Contulit
1138 4237 1233 4289 tamen
1261 4236 1298 4288 du
1319 4237 1390 4290 Rieu

250 4317 406 4371 columnam
422 4317 553 4386 priorem,
571 4318 588 4372 i.
603 4336 626 4372 e.
646 4335 732 4385 usque
751 4319 797 4372 ad:
817 4326 902 4374 aecus.
932 4320 1030 4374 Altera
1046 4319 1104 4388 legi
1121 4320 1232 4372 omnino
1249 4323 1354 4389 nequit.

332 4407 349 4453 4
367 4402 471 4457 Octavo
490 4421 570 4458 versu
589 4419 606 4456 a
623 4403 697 4458 linea
713 4403 755 4457 ita
771 4404 876 4473 legitur
894 4404 938 4472 (B-
955 4421 1008 4475 pro
1026 4407 1094 4473 bus);
1111 4404 1200 4458 Maius
1217 4405 1246 4457 in
1264 4407 1390 4475 margine

248 4485 343 4539 videre
361 4486 414 4540 sibi
431 4487 505 4542 visus
524 4489 577 4542 est:
597 4499 622 4541 et
637 4484 796 4557 ‘uoluptatibu
816 4492 840 4558 (b
857 4506 910 4560 pro
927 4493 961 4559 v).

333 4577 348 4623 5
366 4572 480 4625 Decimo
498 4592 580 4628 versu
598 4592 615 4627 a
631 4575 713 4628 linea.
751 4573 861 4629 Sallust.
881 4575 960 4629 Catil.
981 4593 1002 4630 e.
1014 4581 1058 4642 25,
1082 4575 1157 4645 apud
1175 4593 1257 4644 quem
1274 4576 1390 4645 legitur:

248 4662 274 4709 iu
293 4662 330 4709 eis
348 4667 406 4709 erat
422 4667 448 4710 et
466 4664 583 4712 lrauuriae
601 4671 668 4715 saut.

333 4747 348 4793 6
366 4740 466 4810 Incipit
476 4741 541 4795 Cod.
552 4743 647 4797 Ambr.
666 4751 743 4812 p.90‚
761 4745 861 4812 laoera,
881 4747 1006 4813 obseura,
1025 4763 1117 4801 erasa:
1136 4745 1253 4802 eontulit
1271 4748 1308 4800 du
1322 4747 1390 4800 Rieu

249 4825 389 4895 usquead
408 4846 511 4894 pavere.
546 4826 717 4881 Exsoribitur
735 4827 845 4882 Sallust.
865 4829 945 4884 Catil.
965 4849 986 4884 e.
1001 4840 1041 4885 31.
