3300 5950
681 759 960 814 Paonaeomrm.
1331 783 1394 828 111
1459 826 1465 837 ,

257 954 341 996 esse:
378 931 495 1014 probat
529 930 674 994 Caesaris
703 931 871 994 eonsilium
901 934 932 995 et
960 934 1128 1015 profitetur
1165 956 1198 997 se
1229 936 1394 1019 ignorasse

258 1033 400 1099 Caesaris
429 1035 461 1096 et
482 1031 618 1095 Herodis
647 1032 832 1097 amicitiam.
877 1033 990 1116 ltaque
1017 1037 1126 1118 rogat,
1157 1038 1264 1100 utrum
1291 1038 1326 1100 in
1354 1039 1393 1102 iis

256 1157 390 1219 quoque,
414 1156 494 1217 quae
518 1155 613 1197 causa
634 1133 785 1218 postulet,
810 1134 927 1200 Caesar
942 1136 1061 1219 aliquid
1076 1137 1304 1201 remittendum
1326 1161 1394 1203 esse

173 1306 180 1319 ‚
257 1239 400 1319 censeat,
438 1259 480 1299 an
513 1236 652 1299 sufficiat
678 1235 761 1299 nihil
793 1236 910 1299 dixisse
938 1240 1029 1300 extra
1056 1261 1193 1302 causam.
1245 1239 1394 1323 Superior

256 1336 391 1421 epistola
421 1337 484 1400 fuit
515 1338 620 1419 prima
648 1339 791 1401 omnium
813 1338 958 1402 Caesaris
992 1339 1032 1401 ad
1060 1338 1272 1425 Frontonem,
1309 1346 1393 1405 certe

256 1462 321 1503 non
342 1437 461 1501 multae
483 1438 730 1522 interciderunt,
766 1462 842 1502 nam
863 1443 959 1524 rogat
979 1441 1149 1524 magister,
1182 1446 1218 1506 ut
1224 1493 1233 1525 ⁷
1268 1443 1394 1526 siquid
1454 1510 1461 1517 „

257 1540 429 1625 discipulus
452 1541 492 1603 ad
514 1563 547 1604 se
570 1542 700 1623 scribat,
725 1564 782 1604 sua
803 1563 903 1604 manu
925 1541 1054 1605 scribat.
1100 1541 1183 1606 Illud
1205 1540 1328 1627 quoque
1349 1545 1393 1607 vi-

189 1716 198 1735 ,
256 1644 311 1707 des
333 1641 528 1706 Frontonem
550 1642 710 1726 ignorare,
735 1646 857 1727 quanta
880 1646 964 1706 esset
985 1644 1070 1706 inter
1092 1643 1260 1709 Caesarem
1281 1648 1316 1708 et
1330 1645 1394 1709 He-

255 1745 364 1808 rodem
385 1743 601 1826 necessitud03
631 1745 714 1828 quod
742 1747 854 1827 postea
880 1745 1031 1827 ignorare
1053 1767 1120 1809 non
1141 1747 1262 1829 potuit,
1291 1769 1394 1831 neque

255 1845 427 1930 ignoravit,
453 1867 525 1908 cum
540 1845 698 1909 Graecam
720 1844 888 1928 epistolam
904 1846 944 1908 ad
959 1846 1119 1910 Herodem
1139 1848 1301 1911 scriberet.
1333 1848 1395 1913 Sed

255 1951 328 2032 post
349 1969 469 2030 paucas
491 1946 586 2010 horas
609 1946 729 2010 Fronto
752 1947 925 2010 summittit
946 1947 1038 2030 epist.
1060 1947 1167 2031 1114,
1191 1949 1226 2011 in
1248 1971 1311 2031 qua
1333 1950 1394 2012 dis-

257 2048 397 2133 cipulum
418 2050 528 2112 monet
549 2052 584 2112 ut
606 2048 792 2132 prospiciat,
817 2070 859 2111 ne
882 2048 937 2110 alii
959 2048 1092 2132 faciant,
1116 2051 1199 2133 quod
1213 2051 1282 2133 ipse
1304 2050 1394 2132 polli-

256 2151 337 2215 citus
366 2153 415 2214 est
442 2172 475 2214 se
502 2173 569 2213 non
596 2150 767 2213 facturum.
820 2148 949 2212 Gratias
983 2151 1053 2234 agit
1081 2150 1198 2215 Caesar
1229 2152 1264 2215 in
1300 2153 1392 2235 epist.

255 2253 313 2335 III,
341 2252 378 2335 5,
409 2252 492 2335 quod
519 2252 638 2315 Fronto
666 2250 834 2315 eonsilium
863 2252 1095 2335 comprobavit3
1128 2253 1221 2315 modo
1249 2276 1290 2316 ne
1318 2254 1394 2335 quid

256 2354 342 2418 dieat
373 2354 457 2436 quod
491 2354 530 2417 ad
562 2354 704 2436 privatas
738 2361 810 2415 eur‘n
840 2351 967 2415 Herode
1000 2353 1186 2417 inimicitias
1219 2354 1391 2437 pertineat,

255 2456 363 2520 omnia
383 2454 575 2539 proferenda
596 2477 676 2538 quae
698 2455 733 2517 in
757 2476 852 2517 eausa
878 2457 963 2518 sunt.
1008 2454 1128 2519 Laeera
1151 2459 1199 2518 est
1221 2456 1392 2519 Frontonis

255 2556 390 2640 epistola
411 2555 471 2638 III,
495 2557 515 2619 6
521 2606 530 2638 ‚
554 2556 588 2619 in
611 2577 674 2638 qua
695 2556 806 2619 itidem
829 2556 1076 2644 1111111111
1099 2556 1162 2620 ista
1184 2555 1320 2621 Herodis
1343 2579 1392 2621 ae·

256 2660 428 2722 cusatione.

338 2759 378 2823 In
400 2758 546 2842 Epistola
560 2758 619 2841 HI,
637 2760 655 2822 Ἰ
671 2758 791 2822 Fronto
813 2760 977 2843 signifieat
999 2759 1060 2823 sibi
1083 2760 1188 2823 dolere
1210 2760 1392 2824 brachium:

254 2862 362 2944 itaque
395 2860 568 2943 discipulus
596 2861 726 2923 interim
755 2864 929 2945 occupatus
957 2864 1006 2924 est
1032 2863 1067 2923 in
1095 2883 1132 2924 eo
1159 2862 1280 2943 studio,
1310 2864 1393 2945 quod

254 2962 409 3047 magister
430 2961 586 3046 imprimis
610 2962 861 3027 commendabat.
900 2962 1161 3046 adorationem,
1185 2985 1282 3046 quam
1303 2963 1392 3026 habi-

210 3113 214 3120 ,
256 3068 346 3129 turus
368 3067 439 3128 erat
465 3065 501 3127 in
523 3068 652 3147 senatu,
683 3066 853 3148 acceperat
877 3064 985 3127 decem
1013 3066 1135 3129 εἰκόνα(
1163 3064 1213 3128 111
1234 3064 1392 3148 imagines

255 3166 481 3250 expediendas3
511 3165 633 3249 scilicet
659 3166 695 3228 in
718 3170 786 3228 arte
808 3164 968 3229 rhetorica
990 3165 1143 3228 Frontoni
1167 3165 1248 3228 nihil
1272 3168 1320 3228 est
1342 3188 1393 3229 su-

255 3290 313 3351 pra
334 3267 419 3331 hanc
442 3269 543 3330 artem
565 3275 631 3333 τῶν
654 3267 797 3334 εἰκόνων.
841 3266 962 3330 Verum
983 3267 1018 3329 in
1040 3289 1106 3329 una
1127 3266 1241 3329 harum
1263 3266 1393 3331 Caesari

255 3391 305 3433 res
333 3391 399 3432 non
425 3369 581 3452 processit
593 3418 601 3450 ‚
636 3369 744 3453 itaque
772 3371 867 3452 rogat
895 3369 1086 3453 magistrum
1113 3371 1150 3432 ut
1177 3390 1270 3451 opem
1296 3370 1390 3432 ferat·

255 3470 317 3534 Hic
338 3470 513 3554 imaginem
535 3471 765 3554 interpretatur
786 3473 821 3533 in
845 3469 980 3552 epistola
1002 3470 1061 3552 HI,
1086 3471 1120 3551 83
1144 3470 1309 3552 aptissima
1332 3470 1393 3533 erit

256 3572 295 3634 ad
316 3570 367 3634 Pii
393 3571 503 3635 laudes
532 3572 777 3654 praedicandas3
807 3574 973 3653 praeterea
1001 3570 1090 3634 addit
1118 3571 1273 3654 quaedam
1302 3593 1392 3653 prae-

256 3675 348 3756 cepta
370 3695 409 3736 ex
431 3675 500 3736 arte
523 3674 699 3756 desumpta.
1099 3735 1103 3739 .

339 3773 457 3838 Statim
479 3774 622 3858 sequitur
644 3774 794 3857 epistola,
824 3796 920 3857 quam
950 3774 1025 3857 quia
1046 3774 1095 3837 bis
1118 3774 1153 3837 in
1177 3772 1292 3837 Codice
1314 3773 1392 3856 legi-

255 3879 308 3939 tur
329 3897 444 3958 nempe
466 3878 536 3938 tum
557 3875 611 3939 hie
631 3879 701 3939 tum
723 3877 809 3940 inter
825 3875 965 3939 Graecas
981 3875 1142 3958 epistolas
1167 3876 1207 3939 ob
1223 3896 1392 3959 argumen-

254 3976 324 4041 tum
351 3976 451 4040 malui
483 3976 549 4040 illic
577 3977 725 4040 exhibere
759 3977 882 4060 eritque
909 3976 1018 4059 nobis,
1053 3998 1245 4060 quamquam
1277 3975 1392 4054 Latine

255 4079 391 4160 scripta,
415 4077 501 4141 inter
524 4077 663 4141 Graecas
686 4081 785 4141 sexta.
832 4077 951 4142 Scribit
974 4077 1092 4142 Caesar
1118 4078 1154 4140 in
1181 4076 1304 4140 Latinis
1327 4080 1392 4140 stu·

255 4180 315 4243 diis
342 4201 410 4242 rem
432 4179 493 4242 sibi
520 4201 586 4242 non
616 4178 747 4243 cessisse
770 4201 807 4243 ex
830 4181 918 4262 vot03
946 4179 1069 4261 itaque,
1093 4178 1254 4242 Frontone
1276 4178 1392 4261 impro-

254 4267 368 4364 bante7'
388 4280 524 4343 eontulit
544 4282 655 4344 tamen
676 4303 710 4344 se
733 4281 773 4344 ad
796 4279 952 4345 Graecam
974 4279 1189 4363 scriptionem.
1234 4278 1297 4343 Sed
1318 4279 1392 4361 quia

254 4383 323 4465 ipse
350 4381 486 4464 Fronto,
515 4381 591 4445 licet
618 4405 637 4445 1
660 4381 790 4446 Graecis
812 4381 929 4445 litteris
950 4381 1046 4464 paulo
1068 4380 1217 4461 alienior,
1245 4383 1323 4442 tunc
1346 4380 1391 4442 di-

255 4484 386 4546 cebatur
408 4482 527 4566 aliquid
550 4482 671 4547 Graece
694 4484 907 4567 compegisse,
936 4485 1031 4567 rogat
1053 4481 1169 4546 Caesar
1190 4484 1227 4545 ut
1248 4483 1315 4544 tam
1338 4481 1391 4544 ad·
1463 4510 1465 4513 ·

254 4583 400 4647 mirabile
429 4606 507 4667 opus
536 4585 601 4647 sibi
624 4585 743 4648 mittat.
788 4584 839 4648 Ex
862 4584 972 4647 eadem
986 4581 1129 4665 ¹epistola
1151 4581 1255 4645 esficio
1278 4581 1390 4646 Caesa-

253 4708 337 4768 rem,
368 4686 444 4749 dum
474 4685 552 4750 haec
581 4687 749 4768 scriberet,
779 4707 837 4769 per
858 4706 976 4768 paucos
998 4685 1125 4747 tantum
1146 4704 1272 4746 menses
1293 4682 1391 4745 Fron-

253 4786 339 4851 tonis
362 4787 532 4870 disciplina
554 4809 646 4851 usum
667 4787 776 4852 fuisse.
