3300 5950
267 786 327 851 150
472 784 507 836 M.
523 781 693 837 CORNELII
710 780 918 837 vnoNTonrs
935 781 1191 836 EPISTULARUM

349 955 438 1018 Haec
466 954 501 1017 in
524 975 576 1016 eos
599 952 709 1017 fabula
738 954 905 1037 compet‘t,
934 954 988 1038 qui
1016 954 1106 1017 nulla
1133 954 1240 1019 indole
1269 955 1406 1038 praediti

242 1063 245 1068 ’
266 1056 481 1142 eloquentiam
504 1056 709 1139 desperantes
731 1054 888 1139 fugitant.

350 1158 433 1241 Tibi,
458 1156 585 1239 Caesar,
609 1159 646 1219 ut
669 1156 720 1220 cui
741 1157 890 1239 maxime,
915 1157 1050 1220 sublime
1067 1161 1099 1221 et
1114 1159 1274 1221 excelsum
1289 1162 1321 1221 et
1342 1180 1406 1220 am-

264 1261 407 1344 plificum
436 1258 604 1342 ingenium
627 1258 667 1321 ab
690 1258 738 1321 dis
761 1258 872 1321 datum
895 1261 954 1321 est.
998 1258 1084 1322 Nam
1105 1260 1201 1343 primi
1223 1260 1271 1324 tui
1295 1282 1407 1323 sensus

266 1365 298 1425 et
319 1360 514 1425 incunabula
537 1359 713 1423 studiorum
736 1362 865 1424 tuorum
887 1359 967 1423 mihi
990 1360 1122 1444 cognita
1143 1364 1229 1424 sunt.

350 1462 523 1526 Elucebat¹
547 1461 612 1523 iarn
639 1462 716 1523 tunc
745 1462 897 1525 nobilitas
919 1462 1037 1524 mentis
1061 1464 1093 1525 et
1115 1462 1257 1547 dignitas
1280 1466 1353 1527 sent
1372 1486 1407 1527 n-

265 1565 399 1647 tiarum,
429 1564 543 1647 quibus
571 1561 639 1626 sola
668 1612 674 1625 .
700 1612 706 1624 .
733 1611 740 1625 .
766 1563 795 1625 .²
816 1563 951 1627 deerant
978 1564 1147 1627 verborum
1175 1566 1333 1629 lumina³:
1371 1588 1408 1628 ea

266 1687 389 1749 quoque
413 1665 508 1728 variis
531 1663 813 1728 exercitationibus
836 1664 1084 1729 instruebamus.

349 1766 419 1830 Ibi³
441 1770 477 1830 tu
499 1765 578 1829 mihi
600 1765 706 1829 videre
728 1764 831 1851 morla
852 1769 979 1850 tempor
1000 1764 1076 1852 lali⁴¹
1106 1770 1138 1830 et
1160 1768 1278 1832 laboris
1301 1769 1406 1831 taedio

266 1869 408 1932 defessus
435 1867 633 1951 eloquentiae
662 1867 802 1931 studium
823 1868 1004 1951 reliquisse,
1036 1868 1075 1931 ad
1097 1869 1333 1953 philosophiam
1355 1870 1406 1932 de-

267 1970 409 2051 vertisse,
433 1969 489 2032 ubi
512 1969 635 2032 nullum
657 1968 877 2051 prohoemium
893 1991 964 2032 cum
981 1991 1057 2033 cura
1072 1971 1295 2053 excolendum,
1319 1971 1409 2033 nulla

266 2071 409 2134 narratio
431 2070 571 2134 breviter
593 2073 625 2134 et
639 2070 776 2133 dilucide
792 2073 824 2134 et
840 2070 953 2135 callide
976 2071 1130 2135 collocata
1139 2072 1161 2153 ⁵,
1185 2072 1293 2135 nullae
1315 2094 1408 2155 quae-

267 2172 387 2236 stiones
409 2172 614 2255 partiendae,
646 2170 735 2234 nulla
758 2174 950 2255 argumenta
977 2178 1174 2256 quaerenda,
1203 2174 1286 2237 nihil
1314 2197 1409 2258 exag-

267 2273 445 2358 gerandum
453 2274 466 2313 ¹³
491 2322 1307 2338 .........................
1318 2277 1343 2361 {⁶
1367 2326 1374 2339 .
1401 2326 1407 2338 .

270 2425 276 2438 .
303 2424 310 2438 .
337 2424 343 2438 .
367 2375 516 2438 mutilum
538 2375 707 2458 perficere,
730 2374 873 2439 hiulcum
894 2375 988 2439 fartis
1010 2376 1123 2460 iugare
1147 2426 1154 2440 .
1179 2426 1292 2440 .....
1329 2377 1409 2441 Con-

268 2476 389 2540 siliario
412 2476 486 2539 huic
509 2475 613 2559 magis
636 2476 737 2539 aetati
758 2497 838 2559 opus
867 2478 1032 2560 est‘quam
1056 2477 1222 2542 auxiliario
1247 2528 1388 2543 .....
1398 2480 1409 2516 ⁷

267 2578 1111 2662 ma...·...cumea....cs...vigare
1135 2628 1409 2644 .........

270 2728 612 2743 ...........
624 2677 681 2764 18.
707 2730 714 2742 .
765 2678 883 2743 Nonne
911 2679 1014 2743 omnis
1036 2683 1198 2743 oratorum
1227 2682 1333 2765 copias
1364 2704 1410 2745 se—

270 2779 435 2862 ctabarel,
459 2781 621 2844 refutandi
643 2780 834 2870 sollertiam,
864 2781 1002 2865 augendi
1024 2782 1228 2867 facultatem,
1263 2784 1411 2848 eludendi

268 2884 486 2966 venustatem,
521 2883 727 2966 permovendi
750 2882 1007 2967 delectandique,
1039 2884 1220 2949 deterrendi
1241 2885 1411 2949 incitandi-

269 3007 345 3068 que,
369 2985 515 3068 ornandi,
542 2985 744 3067 conciliandi,
768 2985 990 3049 inflammandi
999 2985 1035 3068 ¹⁰,
1059 2986 1188 3050 laxandi
1212 2987 1411 3051 audientium

270 3086 404 3169 animos
430 3090 485 3150 aut
508 3087 680 3170 alliciendi,
704 3089 827 3151 rectam
849 3088 1010 3170 quandam
1026 3088 1059 3151 in
1077 3088 1210 3152 dicendo
1233 3089 1412 3172 potentiam

270 3211 307 3252 ac
329 3189 544 3272 potestatem?

297 3368 299 3372 Α
355 3408 372 3443 a
390 3394 424 3443 In
447 3396 574 3460 merpine:
608 3391 744 3445 Elucebat
771 3390 800 3445 in
829 3408 916 3460 puero
942 3391 999 3445 iam
1025 3423 1057 3430 —
1084 3393 1184 3460 quibus
1211 3394 1271 3448 sola
1297 3394 1413 3449 deerant

164 3515 167 3520 ,
271 3476 346 3529 verb.
366 3476 431 3527 lum.

356 3559 374 3611 b
394 3563 427 3612 In
444 3565 571 3628 marpine:
588 3557 785 3622 Proho'emium
803 3560 917 3628 aliquod
936 3563 1158 3631 excogitandum,
1176 3563 1300 3617 narratio
1312 3564 1412 3630 brevis,

270 3643 374 3710 lucida,
394 3643 506 3710 callida,
526 3643 703 3710 quaestiones
721 3645 901 3714 partiendae,
920 3648 1087 3714 argumenta
1105 3648 1275 3715 quaerenda,
1295 3665 1413 3718 exagge-

271 3729 397 3782 randum.
1313 3742 1316 3748 '

358 3906 370 3952 1
391 3898 471 3964 Quod
488 3898 578 3952 Maius
597 3898 676 3952 addit
693 3907 719 3952 in
733 3919 827 3968 puero,
844 3900 874 3953 111
892 3901 972 3954 textu
989 3916 1045 3954 non
1062 3900 1174 3970 legitur.

357 3991 372 4037 2
391 3982 528 4048 Quattuor
551 3982 659 4037 litteras
677 3983 766 4037 Maius
784 4002 898 4053 prorsus
920 3984 1026 4052 omisit,
1048 4003 1138 4054 neque
1162 4004 1214 4055 ego
1236 3989 1316 4057 potui
1334 4007 1414 4058 expe-

274 4069 345 4124 dire:
365 4068 460 4122 TUIU.
496 4067 608 4122 Amicus
626 4068 728 4122 diserte
747 4069 866 4123 adnotat
881 4085 938 4122 nou
955 4086 1015 4123 esse
1034 4081 1101 4125 tune.

357 4162 372 4207 3
390 4152 509 4220 Reliqua
525 4151 554 4204 111
571 4153 625 4206 hae
641 4152 746 4222 pagina
763 4153 809 4207 vix
827 4154 974 4223 apparent,

359 4244 376 4291 4
391 4238 435 4290 An
453 4237 525 4290 forte
547 4257 639 4291 morem
656 4242 767 4291 imitatus
783 4244 887 4292 saeculi.
923 4243 1098 4307 Heindorfins.

358 4328 374 4375 5
392 4322 421 4374 L.
441 4327 597 4376 collocanda.
635 4326 794 4376 Niebuhrius.

358 4414 373 4459 6
391 4405 493 4475 Incipit
511 4405 576 4461 Cod.
597 4425 624 4475 p.
638 4413 699 4472 3783
717 4407 746 4458 111
757 4407 838 4460 textu
849 4408 932 4462 hodie
950 4408 1019 4462 nihil
1037 4409 1225 4479 distinguitur,
1243 4412 1331 4466 Maius
1347 4413 1414 4466 vidit

275 4492 396 4560 quinque
414 4492 508 4546 verba.
546 4489 689 4545 Sententia
707 4508 778 4560 quae
797 4491 921 4558 sequitur
938 4492 1041 4561 legitur
1057 4495 1086 4547 in
1103 4496 1238 4564 margine.

359 4584 373 4630 7
392 4577 423 4627 ln
441 4576 497 4628 imo
518 4576 652 4643 margine.

359 4659 493 4728 8lncipit
510 4659 575 4713 Cod.
600 4678 626 4728 p.
647 4667 704 4714 377.

359 4752 374 4798 9
394 4744 498 4797 Codex:
517 4756 654 4798 secrevere.
692 4743 818 4798 Correxit
835 4745 1011 4800 Niebuhrius.

344 4838 375 4882 10
393 4829 497 4882 Codex:
520 4834 669 4896 infamandi.
705 4828 831 4884 Correxit
848 4829 1024 4886 Niebuhrius
