<?xml version="1.0" encoding="UTF-8"?>
<!DOCTYPE html PUBLIC "-//W3C//DTD XHTML 1.0 Transitional//EN"
    "http://www.w3.org/TR/xhtml1/DTD/xhtml1-transitional.dtd">
<html xmlns="http://www.w3.org/1999/xhtml" xml:lang="en" lang="en">
 <head>
  <title>
</title>
<meta http-equiv="Content-Type" content="text/html;charset=utf-8" />
  <meta name='ocr-system' content='tesseract 3.04.00' />
  <meta name='ocr-capabilities' content='ocr_page ocr_carea ocr_par ocr_line ocrx_word'/>
</head>
<body>
  <div class='ocr_page' id='page_1' title='image "./mcorneliifronto01frongoog/mcorneliifronto01frongoog_0139.png"; bbox 0 0 3300 5950; ppageno 0'>
   <div class='ocr_carea' id='block_1_1' title="bbox 409 803 1377 867">
    <p class='ocr_par' dir='ltr' id='par_1_1' title="bbox 409 803 1377 867">
     <span class='ocr_line' id='line_1_1' title="bbox 409 803 1377 867; baseline -0.006 -4"><span class='ocrx_word' id='word_1_1' title='bbox 409 810 459 863; x_wconf 89' lang='grc' dir='ltr'><strong>ΑΙ)</strong></span> <span class='ocrx_word' id='word_1_2' title='bbox 477 807 698 863; x_wconf 84' lang='lat' dir='ltr'><strong>ANTONINUM</strong></span> <span class='ocrx_word' id='word_1_3' title='bbox 715 807 786 861; x_wconf 90' lang='grc' dir='ltr'>ΙΜΡ.</span> <span class='ocrx_word' id='word_1_4' title='bbox 806 806 854 860; x_wconf 86' lang='grc' dir='ltr'><strong>ΕΤ</strong></span> <span class='ocrx_word' id='word_1_5' title='bbox 872 804 1025 860; x_wconf 82' lang='lat' dir='ltr'><strong>iNVlCEM</strong></span> <span class='ocrx_word' id='word_1_6' title='bbox 1041 804 1149 858; x_wconf 80' lang='lat' dir='ltr'>LIBER</span> <span class='ocrx_word' id='word_1_7' title='bbox 1166 803 1187 857; x_wconf 88' lang='lat' dir='ltr'><strong>l.</strong></span> <span class='ocrx_word' id='word_1_8' title='bbox 1329 803 1377 867; x_wconf 83' lang='grc'><strong>99·</strong></span> 
     </span>
    </p>
   </div>
   <div class='ocr_carea' id='block_1_2' title="bbox 227 975 1429 3406">
    <p class='ocr_par' dir='ltr' id='par_1_2' title="bbox 227 975 1369 1163">
     <span class='ocr_line' id='line_1_2' title="bbox 227 975 1368 1064; baseline -0.009 -16"><span class='ocrx_word' id='word_1_9' title='bbox 227 984 403 1064; x_wconf 86' lang='lat' dir='ltr'><strong>diocribus,</strong></span> <span class='ocrx_word' id='word_1_10' title='bbox 448 982 532 1064; x_wconf 89' lang='lat' dir='ltr'><strong>quod</strong></span> <span class='ocrx_word' id='word_1_11' title='bbox 569 981 667 1045; x_wconf 88' lang='lat' dir='ltr'><strong>ceteri</strong></span> <span class='ocrx_word' id='word_1_12' title='bbox 703 978 798 1044; x_wconf 88' lang='lat' dir='ltr'><strong>facile</strong></span> <span class='ocrx_word' id='word_1_13' title='bbox 836 978 980 1043; x_wconf 75' lang='lat' dir='ltr'>contenti</span> <span class='ocrx_word' id='word_1_14' title='bbox 1017 980 1095 1043; x_wconf 91' lang='lat' dir='ltr'><strong>sunt</strong></span> <span class='ocrx_word' id='word_1_15' title='bbox 1126 975 1231 1040; x_wconf 86' lang='lat' dir='ltr'><strong>verbis</strong></span> <span class='ocrx_word' id='word_1_16' title='bbox 1264 975 1368 1056; x_wconf 69' lang='lat' dir='ltr'><strong>bo&#39;niS,</strong></span> 
     </span>
     <span class='ocr_line' id='line_1_3' title="bbox 227 1076 1369 1163; baseline -0.007 -15"><span class='ocrx_word' id='word_1_17' title='bbox 227 1107 368 1149; x_wconf 86' lang='lat' dir='ltr'><strong>summus</strong></span> <span class='ocrx_word' id='word_1_18' title='bbox 391 1086 499 1146; x_wconf 90' lang='lat' dir='ltr'><strong>orator</strong></span> <span class='ocrx_word' id='word_1_19' title='bbox 520 1105 587 1146; x_wconf 89' lang='lat' dir='ltr'><strong>non</strong></span> <span class='ocrx_word' id='word_1_20' title='bbox 609 1085 657 1146; x_wconf 91' lang='lat' dir='ltr'><strong>est</strong></span> <span class='ocrx_word' id='word_1_21' title='bbox 678 1081 772 1145; x_wconf 90' lang='lat' dir='ltr'><strong>bonis</strong></span> <span class='ocrx_word' id='word_1_22' title='bbox 796 1082 978 1163; x_wconf 74' lang='lat' dir='ltr'><strong>contentuS,</strong></span> <span class='ocrx_word' id='word_1_23' title='bbox 1002 1079 1029 1142; x_wconf 92' lang='lat' dir='ltr'><strong>si</strong></span> <span class='ocrx_word' id='word_1_24' title='bbox 1051 1080 1118 1143; x_wconf 90' lang='lat' dir='ltr'><strong>sint</strong></span> <span class='ocrx_word' id='word_1_25' title='bbox 1139 1078 1206 1141; x_wconf 89' lang='lat' dir='ltr'><strong>ulla</strong></span> <span class='ocrx_word' id='word_1_26' title='bbox 1227 1076 1369 1141; x_wconf 78' lang='lat' dir='ltr'><strong>meliora.</strong></span> 
     </span>
    </p>

    <p class='ocr_par' dir='ltr' id='par_1_3' title="bbox 228 1180 1429 1961">
     <span class='ocr_line' id='line_1_4' title="bbox 313 1180 1371 1266; baseline -0.006 -17"><span class='ocrx_word' id='word_1_27' title='bbox 313 1186 374 1250; x_wconf 83' lang='lat' dir='ltr'><strong>sed</strong></span> <span class='ocrx_word' id='word_1_28' title='bbox 396 1184 476 1248; x_wconf 90' lang='lat' dir='ltr'><strong>haec</strong></span> <span class='ocrx_word' id='word_1_29' title='bbox 500 1189 586 1247; x_wconf 89' lang='lat' dir='ltr'><strong>certo</strong></span> <span class='ocrx_word' id='word_1_30' title='bbox 613 1184 683 1247; x_wconf 91' lang='lat' dir='ltr'><strong>loco</strong></span> <span class='ocrx_word' id='word_1_31' title='bbox 711 1205 749 1247; x_wconf 88' lang='lat' dir='ltr'><strong>ac</strong></span> <span class='ocrx_word' id='word_1_32' title='bbox 776 1185 920 1266; x_wconf 85' lang='lat' dir='ltr'><strong>tempore</strong></span> <span class='ocrx_word' id='word_1_33' title='bbox 945 1181 1090 1265; x_wconf 89' lang='lat' dir='ltr'><strong>pluribus</strong></span> <span class='ocrx_word' id='word_1_34' title='bbox 1117 1180 1168 1245; x_wconf 78' lang='lat' dir='ltr'><strong>vel</strong></span> <span class='ocrx_word' id='word_1_35' title='bbox 1197 1181 1371 1246; x_wconf 85' lang='lat' dir='ltr'><strong>scribemus</strong></span> 
     </span>
     <span class='ocr_line' id='line_1_5' title="bbox 229 1280 1372 1369; baseline -0.005 -18"><span class='ocrx_word' id='word_1_36' title='bbox 229 1289 267 1351; x_wconf 92' lang='lat' dir='ltr'><strong>ad</strong></span> <span class='ocrx_word' id='word_1_37' title='bbox 296 1291 329 1351; x_wconf 94' lang='lat' dir='ltr'><strong>te</strong></span> <span class='ocrx_word' id='word_1_38' title='bbox 356 1286 407 1350; x_wconf 87' lang='lat' dir='ltr'><strong>vel</strong></span> <span class='ocrx_word' id='word_1_39' title='bbox 430 1307 537 1350; x_wconf 92' lang='lat' dir='ltr'><strong>coram</strong></span> <span class='ocrx_word' id='word_1_40' title='bbox 566 1284 810 1369; x_wconf 88' lang='lat' dir='ltr'><strong>colloquemur¹.</strong></span> <span class='ocrx_word' id='word_1_41' title='bbox 855 1283 901 1348; x_wconf 92' lang='lat' dir='ltr'><strong>Ut</strong></span> <span class='ocrx_word' id='word_1_42' title='bbox 929 1280 1068 1366; x_wconf 85' lang='lat' dir='ltr'><strong>voluisti,</strong></span> <span class='ocrx_word' id='word_1_43' title='bbox 1096 1282 1245 1365; x_wconf 90' lang='lat' dir='ltr'><strong>Domine,</strong></span> <span class='ocrx_word' id='word_1_44' title='bbox 1276 1285 1309 1346; x_wconf 86' lang='lat' dir='ltr'><strong>et</strong></span> <span class='ocrx_word' id='word_1_45' title='bbox 1336 1285 1372 1345; x_wconf 88' lang='lat' dir='ltr'><strong>ut</strong></span> 
     </span>
     <span class='ocr_line' id='line_1_6' title="bbox 228 1386 1429 1471; baseline -0.004 -19"><span class='ocrx_word' id='word_1_46' title='bbox 228 1389 375 1453; x_wconf 91' lang='lat' dir='ltr'><strong>valetudo</strong></span> <span class='ocrx_word' id='word_1_47' title='bbox 397 1409 468 1451; x_wconf 89' lang='lat' dir='ltr'><strong>mea</strong></span> <span class='ocrx_word' id='word_1_48' title='bbox 490 1387 684 1471; x_wconf 87' lang='lat' dir='ltr'><strong>postulabat,</strong></span> <span class='ocrx_word' id='word_1_49' title='bbox 708 1387 793 1450; x_wconf 93' lang='lat' dir='ltr'><strong>domi</strong></span> <span class='ocrx_word' id='word_1_50' title='bbox 815 1386 930 1468; x_wconf 90' lang='lat' dir='ltr'><strong>mansi,</strong></span> <span class='ocrx_word' id='word_1_51' title='bbox 962 1386 1085 1469; x_wconf 91' lang='lat' dir='ltr'><strong>tibique</strong></span> <span class='ocrx_word' id='word_1_52' title='bbox 1100 1407 1171 1448; x_wconf 89' lang='lat' dir='ltr'><strong>sum</strong></span> <span class='ocrx_word' id='word_1_53' title='bbox 1190 1388 1370 1468; x_wconf 89' lang='lat' dir='ltr'><strong>praecatus,</strong></span> <span class='ocrx_word' id='word_1_54' title='bbox 1424 1437 1429 1446; x_wconf 91' lang='lat'><em>.</em></span> 
     </span>
     <span class='ocr_line' id='line_1_7' title="bbox 228 1486 1370 1571; baseline -0.005 -16"><span class='ocrx_word' id='word_1_55' title='bbox 228 1495 265 1555; x_wconf 94' lang='lat' dir='ltr'><strong>ut</strong></span> <span class='ocrx_word' id='word_1_56' title='bbox 296 1490 412 1553; x_wconf 91' lang='lat' dir='ltr'><strong>multos</strong></span> <span class='ocrx_word' id='word_1_57' title='bbox 450 1488 515 1552; x_wconf 90' lang='lat' dir='ltr'><strong>dies</strong></span> <span class='ocrx_word' id='word_1_58' title='bbox 551 1488 677 1552; x_wconf 77' lang='lat' dir='ltr'>natales</span> <span class='ocrx_word' id='word_1_59' title='bbox 708 1489 845 1552; x_wconf 91' lang='lat' dir='ltr'><strong>liberum</strong></span> <span class='ocrx_word' id='word_1_60' title='bbox 877 1491 1006 1552; x_wconf 87' lang='lat' dir='ltr'><strong>tuorum</strong></span> <span class='ocrx_word' id='word_1_61' title='bbox 1035 1509 1186 1571; x_wconf 81' lang='lat' dir='ltr'>prospere</span> <span class='ocrx_word' id='word_1_62' title='bbox 1221 1486 1370 1550; x_wconf 81' lang='lat' dir='ltr'>celebres.</span> 
     </span>
     <span class='ocr_line' id='line_1_8' title="bbox 228 1589 1372 1656; baseline -0.004 0"><span class='ocrx_word' id='word_1_63' title='bbox 228 1591 320 1656; x_wconf 91' lang='lat' dir='ltr'><strong>Pullo</strong></span> <span class='ocrx_word' id='word_1_64' title='bbox 353 1593 463 1654; x_wconf 91' lang='lat' dir='ltr'><strong>nostro</strong></span> <span class='ocrx_word' id='word_1_65' title='bbox 491 1591 679 1654; x_wconf 75' lang='lat' dir='ltr'><strong>tussiculam</strong></span> <span class='ocrx_word' id='word_1_66' title='bbox 706 1590 866 1654; x_wconf 85' lang='lat' dir='ltr'><strong>sedaverit</strong></span> <span class='ocrx_word' id='word_1_67' title='bbox 893 1592 925 1653; x_wconf 91' lang='lat' dir='ltr'><strong>et</strong></span> <span class='ocrx_word' id='word_1_68' title='bbox 953 1589 1020 1653; x_wconf 92' lang='lat' dir='ltr'><strong>dies</strong></span> <span class='ocrx_word' id='word_1_69' title='bbox 1044 1589 1231 1653; x_wconf 89' lang='lat' dir='ltr'><strong>clementior</strong></span> <span class='ocrx_word' id='word_1_70' title='bbox 1261 1592 1293 1652; x_wconf 90' lang='lat' dir='ltr'><strong>et</strong></span> <span class='ocrx_word' id='word_1_71' title='bbox 1314 1611 1372 1651; x_wconf 93' lang='lat' dir='ltr'><strong>nu-</strong></span> 
     </span>
     <span class='ocr_line' id='line_1_9' title="bbox 228 1690 1373 1776; baseline -0.003 -19"><span class='ocrx_word' id='word_1_72' title='bbox 228 1694 293 1758; x_wconf 87' lang='lat' dir='ltr'><strong>trix</strong></span> <span class='ocrx_word' id='word_1_73' title='bbox 317 1693 394 1774; x_wconf 91' lang='lat' dir='ltr'><strong>eius,</strong></span> <span class='ocrx_word' id='word_1_74' title='bbox 419 1692 445 1756; x_wconf 92' lang='lat' dir='ltr'><strong>si</strong></span> <span class='ocrx_word' id='word_1_75' title='bbox 470 1692 549 1756; x_wconf 85' lang='lat' dir='ltr'><strong>cibis</strong></span> <span class='ocrx_word' id='word_1_76' title='bbox 572 1693 748 1776; x_wconf 75' lang='lat' dir='ltr'><strong>aptioribus</strong></span> <span class='ocrx_word' id='word_1_77' title='bbox 777 1695 940 1774; x_wconf 86' lang='lat' dir='ltr'><strong>vescatur,</strong></span> <span class='ocrx_word' id='word_1_78' title='bbox 986 1691 1094 1755; x_wconf 89' lang='lat' dir='ltr'><strong>omnia</strong></span> <span class='ocrx_word' id='word_1_79' title='bbox 1120 1691 1206 1754; x_wconf 92' lang='lat' dir='ltr'><strong>enim</strong></span> <span class='ocrx_word' id='word_1_80' title='bbox 1234 1690 1373 1754; x_wconf 88' lang='lat' dir='ltr'><strong>remedia</strong></span> 
     </span>
     <span class='ocr_line' id='line_1_10' title="bbox 230 1791 1388 1879; baseline -0.003 -20"><span class='ocrx_word' id='word_1_81' title='bbox 230 1800 326 1879; x_wconf 90' lang='lat' dir='ltr'><strong>atque</strong></span> <span class='ocrx_word' id='word_1_82' title='bbox 348 1794 472 1857; x_wconf 79' lang='lat' dir='ltr'><strong>omnis²</strong></span> <span class='ocrx_word' id='word_1_83' title='bbox 494 1792 636 1857; x_wconf 88' lang='lat' dir='ltr'><strong>medelae</strong></span> <span class='ocrx_word' id='word_1_84' title='bbox 657 1794 808 1858; x_wconf 80' lang='lat' dir='ltr'><strong>fovendi³</strong></span> <span class='ocrx_word' id='word_1_85' title='bbox 831 1793 1007 1857; x_wconf 87' lang='lat' dir='ltr'><strong>infantium</strong></span> <span class='ocrx_word' id='word_1_86' title='bbox 1028 1793 1176 1857; x_wconf 83' lang='lat' dir='ltr'><strong>faucibus</strong></span> <span class='ocrx_word' id='word_1_87' title='bbox 1194 1793 1217 1877; x_wconf 66' lang='lat' dir='ltr'><strong>ll</strong></span> <span class='ocrx_word' id='word_1_88' title='bbox 1232 1793 1266 1856; x_wconf 92' lang='lat' dir='ltr'><strong>in</strong></span> <span class='ocrx_word' id='word_1_89' title='bbox 1290 1791 1388 1857; x_wconf 85' lang='lat' dir='ltr'><strong>lacte</strong></span> 
     </span>
     <span class='ocr_line' id='line_1_11' title="bbox 230 1897 438 1961; baseline -0.01 0"><span class='ocrx_word' id='word_1_90' title='bbox 230 1900 307 1961; x_wconf 89' lang='lat' dir='ltr'><strong>sunt</strong></span> <span class='ocrx_word' id='word_1_91' title='bbox 329 1897 438 1960; x_wconf 64' lang='lat' dir='ltr'><strong>sicae.</strong></span> 
     </span>
    </p>

    <p class='ocr_par' dir='ltr' id='par_1_4' title="bbox 230 1997 1422 2693">
     <span class='ocr_line' id='line_1_12' title="bbox 314 1997 1375 2082; baseline -0.002 -20"><span class='ocrx_word' id='word_1_92' title='bbox 314 1997 354 2062; x_wconf 94' lang='lat' dir='ltr'><strong>In</strong></span> <span class='ocrx_word' id='word_1_93' title='bbox 376 1997 520 2060; x_wconf 91' lang='lat' dir='ltr'><strong>oratione</strong></span> <span class='ocrx_word' id='word_1_94' title='bbox 544 2000 599 2061; x_wconf 88' lang='lat' dir='ltr'><strong>tua</strong></span> <span class='ocrx_word' id='word_1_95' title='bbox 614 1997 781 2081; x_wconf 77' lang='lat' dir='ltr'><strong>Cyzicena,</strong></span> <span class='ocrx_word' id='word_1_96' title='bbox 806 2020 879 2063; x_wconf 88' lang='lat' dir='ltr'><strong>cum</strong></span> <span class='ocrx_word' id='word_1_97' title='bbox 900 1997 975 2061; x_wconf 89' lang='lat' dir='ltr'><strong>deos</strong></span> <span class='ocrx_word' id='word_1_98' title='bbox 996 1998 1203 2082; x_wconf 71' lang='lat' dir='ltr'><strong>praecursus,</strong></span> <span class='ocrx_word' id='word_1_99' title='bbox 1232 2004 1302 2061; x_wconf 81' lang='lat' dir='ltr'><strong>etsi</strong></span> <span class='ocrx_word' id='word_1_100' title='bbox 1318 2000 1375 2074; x_wconf 83' lang='lat' dir='ltr'><strong>sas</strong></span> 
     </span>
     <span class='ocr_line' id='line_1_13' title="bbox 230 2098 1373 2184; baseline -0.003 -18"><span class='ocrx_word' id='word_1_101' title='bbox 230 2112 287 2179; x_wconf 84' lang='lat' dir='ltr'><strong>est,</strong></span> <span class='ocrx_word' id='word_1_102' title='bbox 328 2099 470 2164; x_wconf 81' lang='lat' dir='ltr'><strong>obsecro⁵</strong></span> <span class='ocrx_word' id='word_1_103' title='bbox 498 2099 663 2163; x_wconf 77' lang='lat' dir='ltr'><strong>addidisti:</strong></span> <span class='ocrx_word' id='word_1_104' title='bbox 700 2100 783 2183; x_wconf 92' lang='lat' dir='ltr'><strong>quod</strong></span> <span class='ocrx_word' id='word_1_105' title='bbox 811 2121 872 2184; x_wconf 84' lang='lat' dir='ltr'><strong>ego</strong></span> <span class='ocrx_word' id='word_1_106' title='bbox 900 2122 950 2163; x_wconf 91' lang='lat' dir='ltr'><strong>me</strong></span> <span class='ocrx_word' id='word_1_107' title='bbox 983 2122 1049 2163; x_wconf 92' lang='lat' dir='ltr'><strong>non</strong></span> <span class='ocrx_word' id='word_1_108' title='bbox 1082 2100 1213 2163; x_wconf 91' lang='lat' dir='ltr'><strong>memini</strong></span> <span class='ocrx_word' id='word_1_109' title='bbox 1240 2098 1373 2183; x_wconf 82' lang='lat' dir='ltr'><strong>legisse:</strong></span> 
     </span>
     <span class='ocr_line' id='line_1_14' title="bbox 231 2200 1422 2285; baseline -0.002 -18"><span class='ocrx_word' id='word_1_110' title='bbox 231 2202 392 2266; x_wconf 87' lang='lat' dir='ltr'><strong>obsecrari</strong></span> <span class='ocrx_word' id='word_1_111' title='bbox 421 2200 507 2264; x_wconf 91' lang='lat' dir='ltr'><strong>enim</strong></span> <span class='ocrx_word' id='word_1_112' title='bbox 535 2202 567 2263; x_wconf 89' lang='lat' dir='ltr'><strong>et</strong></span> <span class='ocrx_word' id='word_1_113' title='bbox 595 2200 750 2264; x_wconf 78' lang='lat' dir='ltr'><strong>resacrari</strong></span> <span class='ocrx_word' id='word_1_114' title='bbox 786 2202 921 2285; x_wconf 90' lang='lat' dir='ltr'><strong>populus</strong></span> <span class='ocrx_word' id='word_1_115' title='bbox 955 2204 1011 2264; x_wconf 89' lang='lat' dir='ltr'><strong>aut</strong></span> <span class='ocrx_word' id='word_1_116' title='bbox 1043 2202 1163 2265; x_wconf 84' lang='lat' dir='ltr'><strong>iudices</strong></span> <span class='ocrx_word' id='word_1_117' title='bbox 1191 2201 1373 2265; x_wconf 61' lang='lat' dir='ltr'><strong>solebantb:</strong></span> <span class='ocrx_word' id='word_1_118' title='bbox 1418 2269 1422 2273; x_wconf 64' lang='grc'><em>,</em></span> 
     </span>
     <span class='ocr_line' id='line_1_15' title="bbox 232 2301 1374 2387; baseline -0.003 -19"><span class='ocrx_word' id='word_1_119' title='bbox 232 2305 288 2368; x_wconf 92' lang='lat' dir='ltr'><strong>sed</strong></span> <span class='ocrx_word' id='word_1_120' title='bbox 309 2303 381 2366; x_wconf 78' lang='lat' dir='ltr'><strong>me6</strong></span> <span class='ocrx_word' id='word_1_121' title='bbox 402 2302 541 2365; x_wconf 87' lang='lat' dir='ltr'><strong>forsitan</strong></span> <span class='ocrx_word' id='word_1_122' title='bbox 563 2302 715 2365; x_wconf 91' lang='lat' dir='ltr'><strong>memoria</strong></span> <span class='ocrx_word' id='word_1_123' title='bbox 743 2301 880 2386; x_wconf 83' lang='lat' dir='ltr'><strong>fugerit:</strong></span> <span class='ocrx_word' id='word_1_124' title='bbox 907 2305 944 2365; x_wconf 91' lang='lat' dir='ltr'><strong>tu</strong></span> <span class='ocrx_word' id='word_1_125' title='bbox 967 2303 1153 2387; x_wconf 87' lang='lat' dir='ltr'><strong>diligentius</strong></span> <span class='ocrx_word' id='word_1_126' title='bbox 1177 2303 1374 2366; x_wconf 83' lang='lat' dir='ltr'><strong>animadver-</strong></span> 
     </span>
     <span class='ocr_line' id='line_1_16' title="bbox 231 2403 1422 2488; baseline -0.003 -18"><span class='ocrx_word' id='word_1_127' title='bbox 231 2408 303 2470; x_wconf 89' lang='lat' dir='ltr'><strong>tito.</strong></span> <span class='ocrx_word' id='word_1_128' title='bbox 347 2404 400 2469; x_wconf 89' lang='lat' dir='ltr'><strong>Me</strong></span> <span class='ocrx_word' id='word_1_129' title='bbox 433 2425 556 2488; x_wconf 90' lang='lat' dir='ltr'><strong>quoque</strong></span> <span class='ocrx_word' id='word_1_130' title='bbox 587 2403 743 2467; x_wconf 88' lang='lat' dir='ltr'><strong>tussicula</strong></span> <span class='ocrx_word' id='word_1_131' title='bbox 758 2408 854 2468; x_wconf 86' lang='lat' dir='ltr'><strong>vexat</strong></span> <span class='ocrx_word' id='word_1_132' title='bbox 885 2407 918 2468; x_wconf 93' lang='lat' dir='ltr'><strong>et</strong></span> <span class='ocrx_word' id='word_1_133' title='bbox 950 2426 1065 2467; x_wconf 91' lang='lat' dir='ltr'><strong>manus</strong></span> <span class='ocrx_word' id='word_1_134' title='bbox 1097 2404 1246 2475; x_wconf 84' lang='lat' dir='ltr'><strong>dexterae</strong></span> <span class='ocrx_word' id='word_1_135' title='bbox 1275 2404 1373 2488; x_wconf 89' lang='lat' dir='ltr'><strong>dolor,</strong></span> <span class='ocrx_word' id='word_1_136' title='bbox 1419 2457 1422 2461; x_wconf 94' lang='lat'>.</span> 
     </span>
     <span class='ocr_line' id='line_1_17' title="bbox 232 2500 1375 2590; baseline -0.003 -19"><span class='ocrx_word' id='word_1_137' title='bbox 232 2507 400 2571; x_wconf 89' lang='lat' dir='ltr'><strong>mediocris</strong></span> <span class='ocrx_word' id='word_1_138' title='bbox 428 2506 571 2589; x_wconf 91' lang='lat' dir='ltr'><strong>quidem,</strong></span> <span class='ocrx_word' id='word_1_139' title='bbox 602 2506 656 2569; x_wconf 91' lang='lat' dir='ltr'><strong>sed</strong></span> <span class='ocrx_word' id='word_1_140' title='bbox 686 2506 740 2589; x_wconf 92' lang='lat' dir='ltr'><strong>qni</strong></span> <span class='ocrx_word' id='word_1_141' title='bbox 768 2529 787 2569; x_wconf 89' lang='lat' dir='ltr'><strong>a</strong></span> <span class='ocrx_word' id='word_1_142' title='bbox 814 2500 1025 2571; x_wconf 83' lang='lat' dir='ltr'><strong>rescribenda</strong></span> <span class='ocrx_word' id='word_1_143' title='bbox 1046 2506 1211 2590; x_wconf 86' lang='lat' dir='ltr'><strong>longiore⁷</strong></span> <span class='ocrx_word' id='word_1_144' title='bbox 1238 2507 1375 2590; x_wconf 86' lang='lat' dir='ltr'><strong>epistula</strong></span> 
     </span>
     <span class='ocr_line' id='line_1_18' title="bbox 232 2607 693 2693; baseline -0.007 -20"><span class='ocrx_word' id='word_1_145' title='bbox 232 2608 419 2693; x_wconf 90' lang='lat' dir='ltr'><strong>inpedierit:</strong></span> <span class='ocrx_word' id='word_1_146' title='bbox 443 2607 560 2671; x_wconf 79' lang='lat' dir='ltr'><strong>dictavi</strong></span> <span class='ocrx_word' id='word_1_147' title='bbox 582 2608 693 2692; x_wconf 81' lang='lat' dir='ltr'><strong>igitur.</strong></span> 
     </span>
    </p>

    <p class='ocr_par' dir='ltr' id='par_1_5' title="bbox 233 2708 1378 3406">
     <span class='ocr_line' id='line_1_19' title="bbox 318 2708 1376 2792; baseline 0 -19"><span class='ocrx_word' id='word_1_148' title='bbox 318 2710 475 2785; x_wconf 77' lang='lat' dir='ltr'><strong>Quoniam</strong></span> <span class='ocrx_word' id='word_1_149' title='bbox 501 2710 623 2772; x_wconf 90' lang='lat' dir='ltr'><strong>mentio</strong></span> <span class='ocrx_word' id='word_1_150' title='bbox 651 2709 881 2791; x_wconf 80' lang='grc' dir='ltr'>παραλείψεω(</span> <span class='ocrx_word' id='word_1_151' title='bbox 907 2708 1019 2773; x_wconf 89' lang='lat' dir='ltr'><strong>habita</strong></span> <span class='ocrx_word' id='word_1_152' title='bbox 1047 2712 1106 2792; x_wconf 89' lang='lat' dir='ltr'><strong>est,</strong></span> <span class='ocrx_word' id='word_1_153' title='bbox 1140 2731 1207 2773; x_wconf 94' lang='lat' dir='ltr'><strong>non</strong></span> <span class='ocrx_word' id='word_1_154' title='bbox 1229 2710 1376 2773; x_wconf 88' lang='lat' dir='ltr'><strong>omittam</strong></span> 
     </span>
     <span class='ocr_line' id='line_1_20' title="bbox 234 2810 1376 2896; baseline 0 -21"><span class='ocrx_word' id='word_1_155' title='bbox 234 2812 312 2896; x_wconf 92' lang='lat' dir='ltr'><strong>quin</strong></span> <span class='ocrx_word' id='word_1_156' title='bbox 333 2814 366 2874; x_wconf 90' lang='lat' dir='ltr'><strong>te</strong></span> <span class='ocrx_word' id='word_1_157' title='bbox 381 2810 564 2894; x_wconf 89' lang='lat' dir='ltr'><strong>impertiam</strong></span> <span class='ocrx_word' id='word_1_158' title='bbox 586 2811 669 2894; x_wconf 91' lang='lat' dir='ltr'><strong>quod</strong></span> <span class='ocrx_word' id='word_1_159' title='bbox 685 2811 723 2873; x_wconf 93' lang='lat' dir='ltr'><strong>de</strong></span> <span class='ocrx_word' id='word_1_160' title='bbox 745 2811 850 2895; x_wconf 84' lang='lat' dir='ltr'><strong>figura</strong></span> <span class='ocrx_word' id='word_1_161' title='bbox 864 2811 928 2874; x_wconf 89' lang='lat' dir='ltr'><strong>ista</strong></span> <span class='ocrx_word' id='word_1_162' title='bbox 950 2811 1121 2875; x_wconf 84' lang='lat' dir='ltr'><strong>studiosius</strong></span> <span class='ocrx_word' id='word_1_163' title='bbox 1145 2811 1376 2875; x_wconf 89' lang='lat' dir='ltr'><strong>animadverte-</strong></span> 
     </span>
     <span class='ocr_line' id='line_1_21' title="bbox 233 2915 1376 2999; baseline -0.001 -21"><span class='ocrx_word' id='word_1_164' title='bbox 233 2915 305 2998; x_wconf 90' lang='lat' dir='ltr'><strong>rim,</strong></span> <span class='ocrx_word' id='word_1_165' title='bbox 329 2936 431 2998; x_wconf 91' lang='lat' dir='ltr'><strong>neque</strong></span> <span class='ocrx_word' id='word_1_166' title='bbox 454 2935 642 2998; x_wconf 83' lang='lat' dir='ltr'><strong>graecorum</strong></span> <span class='ocrx_word' id='word_1_167' title='bbox 663 2917 825 2978; x_wconf 89' lang='lat' dir='ltr'><strong>oratorum</strong></span> <span class='ocrx_word' id='word_1_168' title='bbox 847 2935 950 2997; x_wconf 90' lang='lat' dir='ltr'><strong>neque</strong></span> <span class='ocrx_word' id='word_1_169' title='bbox 972 2934 1186 2996; x_wconf 88' lang='lat' dir='ltr'><strong>romanorum,</strong></span> <span class='ocrx_word' id='word_1_170' title='bbox 1215 2935 1294 2998; x_wconf 90' lang='lat' dir='ltr'><strong>quos</strong></span> <span class='ocrx_word' id='word_1_171' title='bbox 1316 2935 1376 2999; x_wconf 84' lang='lat' dir='ltr'><strong>ego</strong></span> 
     </span>
     <span class='ocr_line' id='line_1_22' title="bbox 233 3015 1377 3101; baseline -0.003 -21"><span class='ocrx_word' id='word_1_172' title='bbox 233 3016 378 3101; x_wconf 81' lang='lat' dir='ltr'><strong>legerim,</strong></span> <span class='ocrx_word' id='word_1_173' title='bbox 403 3016 582 3099; x_wconf 84' lang='lat' dir='ltr'><strong>elegantius</strong></span> <span class='ocrx_word' id='word_1_174' title='bbox 604 3015 665 3078; x_wconf 92' lang='lat' dir='ltr'><strong>hac</strong></span> <span class='ocrx_word' id='word_1_175' title='bbox 687 3015 792 3100; x_wconf 84' lang='lat' dir='ltr'><strong>figura</strong></span> <span class='ocrx_word' id='word_1_176' title='bbox 813 3038 907 3078; x_wconf 89' lang='lat' dir='ltr'><strong>usum</strong></span> <span class='ocrx_word' id='word_1_177' title='bbox 921 3038 1113 3100; x_wconf 92' lang='lat' dir='ltr'><strong>quemquam</strong></span> <span class='ocrx_word' id='word_1_178' title='bbox 1127 3037 1224 3099; x_wconf 90' lang='lat' dir='ltr'><strong>quam</strong></span> <span class='ocrx_word' id='word_1_179' title='bbox 1241 3016 1284 3078; x_wconf 90' lang='lat' dir='ltr'><strong>M.</strong></span> <span class='ocrx_word' id='word_1_180' title='bbox 1300 3015 1377 3078; x_wconf 87' lang='lat' dir='ltr'><strong>Por-</strong></span> 
     </span>
     <span class='ocr_line' id='line_1_23' title="bbox 235 3117 1376 3201; baseline -0.003 -19"><span class='ocrx_word' id='word_1_181' title='bbox 235 3119 319 3182; x_wconf 89' lang='lat' dir='ltr'><strong>einm</strong></span> <span class='ocrx_word' id='word_1_182' title='bbox 341 3119 376 3181; x_wconf 90' lang='lat' dir='ltr'><strong>in</strong></span> <span class='ocrx_word' id='word_1_183' title='bbox 399 3139 436 3180; x_wconf 89' lang='lat' dir='ltr'><strong>ea</strong></span> <span class='ocrx_word' id='word_1_184' title='bbox 458 3117 612 3199; x_wconf 89' lang='lat' dir='ltr'><strong>oratione,</strong></span> <span class='ocrx_word' id='word_1_185' title='bbox 642 3139 723 3200; x_wconf 90' lang='lat' dir='ltr'><strong>qnae</strong></span> <span class='ocrx_word' id='word_1_186' title='bbox 746 3123 784 3181; x_wconf 85' lang='lat' dir='ltr'><strong>de</strong></span> <span class='ocrx_word' id='word_1_187' title='bbox 805 3129 904 3182; x_wconf 77' lang='lat' dir='ltr'><strong>sumtu</strong></span> <span class='ocrx_word' id='word_1_188' title='bbox 924 3139 979 3182; x_wconf 82' lang='lat' dir='ltr'><strong>suo</strong></span> <span class='ocrx_word' id='word_1_189' title='bbox 1000 3118 1215 3200; x_wconf 73' lang='lat' dir='ltr'><strong>inscribitur0,</strong></span> <span class='ocrx_word' id='word_1_190' title='bbox 1256 3117 1291 3180; x_wconf 89' lang='lat' dir='ltr'><strong>in</strong></span> <span class='ocrx_word' id='word_1_191' title='bbox 1313 3140 1376 3201; x_wconf 90' lang='lat' dir='ltr'><strong>qua</strong></span> 
     </span>
     <span class='ocr_line' id='line_1_24' title="bbox 235 3218 1378 3303; baseline -0.003 -19"><span class='ocrx_word' id='word_1_192' title='bbox 235 3222 281 3284; x_wconf 90' lang='lat' dir='ltr'><strong>sic</strong></span> <span class='ocrx_word' id='word_1_193' title='bbox 309 3221 372 3284; x_wconf 89' lang='lat' dir='ltr'><strong>ait:</strong></span> <span class='ocrx_word' id='word_1_194' title='bbox 401 3219 509 3302; x_wconf 88' lang='lat' dir='ltr'><strong>„Iussi</strong></span> <span class='ocrx_word' id='word_1_195' title='bbox 543 3218 725 3283; x_wconf 87' lang='lat' dir='ltr'><strong>caudicem8</strong></span> <span class='ocrx_word' id='word_1_196' title='bbox 754 3218 906 3303; x_wconf 88' lang='lat' dir='ltr'><strong>proferri,</strong></span> <span class='ocrx_word' id='word_1_197' title='bbox 940 3219 996 3283; x_wconf 91' lang='lat' dir='ltr'><strong>ubi</strong></span> <span class='ocrx_word' id='word_1_198' title='bbox 1014 3241 1100 3286; x_wconf 69' lang='lat' dir='ltr'><strong>,mea</strong></span> <span class='ocrx_word' id='word_1_199' title='bbox 1127 3219 1229 3282; x_wconf 88' lang='lat' dir='ltr'><strong>oratio</strong></span> <span class='ocrx_word' id='word_1_200' title='bbox 1257 3219 1378 3302; x_wconf 88' lang='lat' dir='ltr'><strong>scripta</strong></span> 
     </span>
     <span class='ocr_line' id='line_1_25' title="bbox 235 3320 1376 3406; baseline -0.002 -21"><span class='ocrx_word' id='word_1_201' title='bbox 235 3326 305 3386; x_wconf 91' lang='lat' dir='ltr'><strong>erat</strong></span> <span class='ocrx_word' id='word_1_202' title='bbox 335 3323 373 3386; x_wconf 91' lang='lat' dir='ltr'><strong>de</strong></span> <span class='ocrx_word' id='word_1_203' title='bbox 401 3344 439 3385; x_wconf 90' lang='lat' dir='ltr'><strong>ea</strong></span> <span class='ocrx_word' id='word_1_204' title='bbox 466 3343 500 3385; x_wconf 87' lang='lat' dir='ltr'><strong>re</strong></span> <span class='ocrx_word' id='word_1_205' title='bbox 529 3321 613 3405; x_wconf 92' lang='lat' dir='ltr'><strong>quod</strong></span> <span class='ocrx_word' id='word_1_206' title='bbox 640 3321 846 3406; x_wconf 87' lang='lat' dir='ltr'><strong>sponsionem</strong></span> <span class='ocrx_word' id='word_1_207' title='bbox 872 3321 1013 3385; x_wconf 87' lang='lat' dir='ltr'><strong>feceram</strong></span> <span class='ocrx_word' id='word_1_208' title='bbox 1042 3343 1114 3385; x_wconf 89' lang='lat' dir='ltr'><strong>cum</strong></span> <span class='ocrx_word' id='word_1_209' title='bbox 1135 3320 1180 3385; x_wconf 93' lang='lat' dir='ltr'><strong>M.</strong></span> <span class='ocrx_word' id='word_1_210' title='bbox 1201 3320 1376 3386; x_wconf 69' lang='lat' dir='ltr'><strong>Corneliol.</strong></span> 
     </span>
    </p>
   </div>
   <div class='ocr_carea' id='block_1_3' title="bbox 235 3489 1378 3899">
    <p class='ocr_par' dir='ltr' id='par_1_6' title="bbox 321 3489 1376 3560">
     <span class='ocr_line' id='line_1_26' title="bbox 321 3489 1376 3560; baseline -0.001 -16"><span class='ocrx_word' id='word_1_211' title='bbox 321 3509 338 3545; x_wconf 90' lang='lat' dir='ltr'><strong>a</strong></span> <span class='ocrx_word' id='word_1_212' title='bbox 356 3496 389 3545; x_wconf 84' lang='lat' dir='ltr'><strong>In</strong></span> <span class='ocrx_word' id='word_1_213' title='bbox 406 3497 531 3560; x_wconf 80' lang='lat' dir='ltr'><strong>morpine:</strong></span> <span class='ocrx_word' id='word_1_214' title='bbox 551 3490 651 3544; x_wconf 90' lang='lat' dir='ltr'><strong>Omnia</strong></span> <span class='ocrx_word' id='word_1_215' title='bbox 668 3490 815 3545; x_wconf 84' lang='lat' dir='ltr'><strong>infantium</strong></span> <span class='ocrx_word' id='word_1_216' title='bbox 833 3490 957 3544; x_wconf 90' lang='lat' dir='ltr'><strong>remedia</strong></span> <span class='ocrx_word' id='word_1_217' title='bbox 975 3489 1029 3543; x_wconf 88' lang='lat' dir='ltr'><strong>sita</strong></span> <span class='ocrx_word' id='word_1_218' title='bbox 1047 3491 1112 3543; x_wconf 87' lang='lat' dir='ltr'><strong>sunt</strong></span> <span class='ocrx_word' id='word_1_219' title='bbox 1127 3489 1156 3542; x_wconf 91' lang='lat' dir='ltr'><strong>in</strong></span> <span class='ocrx_word' id='word_1_220' title='bbox 1168 3489 1240 3544; x_wconf 91' lang='lat' dir='ltr'><strong>lacte</strong></span> <span class='ocrx_word' id='word_1_221' title='bbox 1253 3490 1376 3544; x_wconf 83' lang='lat' dir='ltr'><strong>nutricis.</strong></span> 
     </span>
    </p>

    <p class='ocr_par' dir='ltr' id='par_1_7' title="bbox 320 3573 1316 3645">
     <span class='ocr_line' id='line_1_27' title="bbox 320 3573 1316 3645; baseline -0.003 -15"><span class='ocrx_word' id='word_1_222' title='bbox 320 3578 338 3630; x_wconf 94' lang='lat' dir='ltr'><strong>b</strong></span> <span class='ocrx_word' id='word_1_223' title='bbox 358 3581 391 3630; x_wconf 83' lang='lat' dir='ltr'><strong>In</strong></span> <span class='ocrx_word' id='word_1_224' title='bbox 408 3582 533 3645; x_wconf 70' lang='lat' dir='ltr'><strong>marytre:</strong></span> <span class='ocrx_word' id='word_1_225' title='bbox 553 3574 702 3629; x_wconf 90' lang='lat' dir='ltr'><strong>Obsecrari</strong></span> <span class='ocrx_word' id='word_1_226' title='bbox 721 3618 836 3630; x_wconf 90' lang='grc'><strong><em>.....</em></strong></span> <span class='ocrx_word' id='word_1_227' title='bbox 855 3575 959 3629; x_wconf 88' lang='lat' dir='ltr'><strong>iudices</strong></span> <span class='ocrx_word' id='word_1_228' title='bbox 977 3573 1105 3633; x_wconf 88' lang='lat' dir='ltr'><strong>solebant</strong></span> <span class='ocrx_word' id='word_1_229' title='bbox 1123 3576 1172 3628; x_wconf 89' lang='lat' dir='ltr'><strong>aut</strong></span> <span class='ocrx_word' id='word_1_230' title='bbox 1188 3575 1316 3644; x_wconf 82' lang='lat' dir='ltr'><strong>populus·</strong></span> 
     </span>
    </p>

    <p class='ocr_par' dir='ltr' id='par_1_8' title="bbox 235 3654 1378 3899">
     <span class='ocr_line' id='line_1_28' title="bbox 321 3654 1378 3730; baseline -0.003 -15"><span class='ocrx_word' id='word_1_231' title='bbox 321 3680 335 3716; x_wconf 90' lang='lat' dir='ltr'><strong>c</strong></span> <span class='ocrx_word' id='word_1_232' title='bbox 355 3667 389 3715; x_wconf 82' lang='lat' dir='ltr'><strong>In</strong></span> <span class='ocrx_word' id='word_1_233' title='bbox 406 3669 531 3730; x_wconf 78' lang='lat' dir='ltr'><strong>marpine:</strong></span> <span class='ocrx_word' id='word_1_234' title='bbox 549 3661 619 3713; x_wconf 90' lang='lat' dir='ltr'><strong>Mire</strong></span> <span class='ocrx_word' id='word_1_235' title='bbox 642 3661 676 3713; x_wconf 89' lang='lat' dir='ltr'><strong>de</strong></span> <span class='ocrx_word' id='word_1_236' title='bbox 699 3660 906 3730; x_wconf 88' lang='lat' dir='ltr'><strong>paralempseos</strong></span> <span class='ocrx_word' id='word_1_237' title='bbox 928 3660 1019 3728; x_wconf 84' lang='lat' dir='ltr'><strong>figura</strong></span> <span class='ocrx_word' id='word_1_238' title='bbox 1036 3658 1105 3713; x_wconf 82' lang='lat' dir='ltr'><strong>Cato</strong></span> <span class='ocrx_word' id='word_1_239' title='bbox 1131 3677 1195 3712; x_wconf 89' lang='lat' dir='ltr'><strong>usus</strong></span> <span class='ocrx_word' id='word_1_240' title='bbox 1214 3661 1300 3712; x_wconf 88' lang='lat' dir='ltr'><strong>estin</strong></span> <span class='ocrx_word' id='word_1_241' title='bbox 1319 3654 1378 3712; x_wconf 89' lang='lat' dir='ltr'><strong>ora-</strong></span> 
     </span>
     <span class='ocr_line' id='line_1_29' title="bbox 235 3735 1378 3816; baseline -0.005 -14"><span class='ocrx_word' id='word_1_242' title='bbox 235 3750 311 3802; x_wconf 91' lang='lat' dir='ltr'><strong>tione</strong></span> <span class='ocrx_word' id='word_1_243' title='bbox 330 3762 401 3816; x_wconf 90' lang='lat' dir='ltr'><strong>quae</strong></span> <span class='ocrx_word' id='word_1_244' title='bbox 414 3747 448 3798; x_wconf 86' lang='lat' dir='ltr'><strong>de</strong></span> <span class='ocrx_word' id='word_1_245' title='bbox 461 3748 553 3798; x_wconf 87' lang='lat' dir='ltr'><strong>sumtu</strong></span> <span class='ocrx_word' id='word_1_246' title='bbox 565 3761 614 3798; x_wconf 89' lang='lat' dir='ltr'><strong>suo</strong></span> <span class='ocrx_word' id='word_1_247' title='bbox 626 3745 795 3799; x_wconf 86' lang='lat' dir='ltr'><strong>inscribitur.</strong></span> <span class='ocrx_word' id='word_1_248' title='bbox 808 3775 842 3784; x_wconf 91' lang='lat'><strong>—-</strong></span> <span class='ocrx_word' id='word_1_249' title='bbox 858 3744 978 3798; x_wconf 84' lang='lat' dir='ltr'><strong>Exhibui</strong></span> <span class='ocrx_word' id='word_1_250' title='bbox 989 3745 1061 3798; x_wconf 88' lang='lat' dir='ltr'><strong>hano</strong></span> <span class='ocrx_word' id='word_1_251' title='bbox 1073 3735 1220 3798; x_wconf 85' lang='lat' dir='ltr'><strong>lectionem</strong></span> <span class='ocrx_word' id='word_1_252' title='bbox 1238 3745 1292 3799; x_wconf 90' lang='lat' dir='ltr'><strong>fide</strong></span> <span class='ocrx_word' id='word_1_253' title='bbox 1304 3745 1378 3811; x_wconf 86' lang='lat' dir='ltr'><strong>Maii,</strong></span> 
     </span>
     <span class='ocr_line' id='line_1_30' title="bbox 236 3831 727 3899; baseline -0.008 -11"><span class='ocrx_word' id='word_1_254' title='bbox 236 3833 285 3888; x_wconf 85' lang='lat' dir='ltr'><strong>sed</strong></span> <span class='ocrx_word' id='word_1_255' title='bbox 303 3831 430 3887; x_wconf 87' lang='lat' dir='ltr'><strong>coniicio:</strong></span> <span class='ocrx_word' id='word_1_256' title='bbox 450 3833 528 3895; x_wconf 85' lang='lat' dir='ltr'><strong>Quam</strong></span> <span class='ocrx_word' id='word_1_257' title='bbox 545 3832 621 3884; x_wconf 87' lang='lat' dir='ltr'><strong>recte</strong></span> <span class='ocrx_word' id='word_1_258' title='bbox 639 3831 727 3899; x_wconf 86' lang='lat' dir='ltr'><strong>paral.</strong></span> 
     </span>
    </p>
   </div>
   <div class='ocr_carea' id='block_1_4' title="bbox 238 4018 1412 4936">
    <p class='ocr_par' dir='ltr' id='par_1_9' title="bbox 322 4018 741 4087">
     <span class='ocr_line' id='line_1_31' title="bbox 322 4018 741 4087; baseline 0.002 -16"><span class='ocrx_word' id='word_1_259' title='bbox 322 4026 336 4071; x_wconf 90' lang='lat'>1</span> <span class='ocrx_word' id='word_1_260' title='bbox 354 4018 452 4070; x_wconf 85' lang='lat' dir='ltr'><strong>Manus</strong></span> <span class='ocrx_word' id='word_1_261' title='bbox 470 4031 539 4070; x_wconf 76' lang='lat' dir='ltr'><strong>sec:</strong></span> <span class='ocrx_word' id='word_1_262' title='bbox 558 4024 741 4087; x_wconf 82' lang='lat' dir='ltr'><strong>conloquemur.</strong></span> 
     </span>
    </p>

    <p class='ocr_par' dir='ltr' id='par_1_10' title="bbox 322 4101 517 4156">
     <span class='ocr_line' id='line_1_32' title="bbox 322 4101 517 4156; baseline -0.01 0"><span class='ocrx_word' id='word_1_263' title='bbox 322 4104 399 4156; x_wconf 76' lang='lat' dir='ltr'><strong>alta</strong></span> <span class='ocrx_word' id='word_1_264' title='bbox 417 4101 517 4155; x_wconf 81' lang='lat' dir='ltr'><strong>Codex.</strong></span> 
     </span>
    </p>

    <p class='ocr_par' dir='ltr' id='par_1_11' title="bbox 238 4185 1379 4341">
     <span class='ocr_line' id='line_1_33' title="bbox 322 4185 1379 4256; baseline -0.001 -15"><span class='ocrx_word' id='word_1_265' title='bbox 322 4195 337 4241; x_wconf 89' lang='lat'><strong>3</strong></span> <span class='ocrx_word' id='word_1_266' title='bbox 356 4186 401 4240; x_wconf 82' lang='lat' dir='ltr'><strong>Sic</strong></span> <span class='ocrx_word' id='word_1_267' title='bbox 419 4185 508 4240; x_wconf 86' lang='lat' dir='ltr'><strong>altera</strong></span> <span class='ocrx_word' id='word_1_268' title='bbox 524 4203 634 4252; x_wconf 87' lang='lat' dir='ltr'><strong>manus;</strong></span> <span class='ocrx_word' id='word_1_269' title='bbox 652 4205 694 4256; x_wconf 88' lang='lat' dir='ltr'><strong>pr.</strong></span> <span class='ocrx_word' id='word_1_270' title='bbox 713 4205 765 4241; x_wconf 84' lang='lat' dir='ltr'><strong>m:</strong></span> <span class='ocrx_word' id='word_1_271' title='bbox 783 4191 889 4255; x_wconf 81' lang='lat' dir='ltr'><strong>offendi.</strong></span> <span class='ocrx_word' id='word_1_272' title='bbox 919 4187 1008 4241; x_wconf 88' lang='lat' dir='ltr'><strong>Maius</strong></span> <span class='ocrx_word' id='word_1_273' title='bbox 1026 4187 1133 4241; x_wconf 87' lang='lat' dir='ltr'><strong>mavult</strong></span> <span class='ocrx_word' id='word_1_274' title='bbox 1148 4191 1273 4254; x_wconf 73' lang='lat' dir='ltr'><strong>fovendis.</strong></span> <span class='ocrx_word' id='word_1_275' title='bbox 1303 4187 1379 4256; x_wconf 87' lang='lat' dir='ltr'>Lege</span> 
     </span>
     <span class='ocr_line' id='line_1_34' title="bbox 238 4271 748 4341; baseline 0 -16"><span class='ocrx_word' id='word_1_276' title='bbox 238 4271 405 4325; x_wconf 84' lang='lat' dir='ltr'><strong>Favorinum</strong></span> <span class='ocrx_word' id='word_1_277' title='bbox 423 4271 497 4341; x_wconf 87' lang='lat' dir='ltr'><strong>apud</strong></span> <span class='ocrx_word' id='word_1_278' title='bbox 516 4272 635 4326; x_wconf 84' lang='lat' dir='ltr'><strong>Gellium</strong></span> <span class='ocrx_word' id='word_1_279' title='bbox 652 4271 712 4338; x_wconf 85' lang='lat' dir='ltr'><strong>XII,</strong></span> <span class='ocrx_word' id='word_1_280' title='bbox 726 4280 748 4326; x_wconf 87' lang='lat'><strong>1.</strong></span> 
     </span>
    </p>

    <p class='ocr_par' dir='ltr' id='par_1_12' title="bbox 321 4355 736 4427">
     <span class='ocr_line' id='line_1_35' title="bbox 321 4355 736 4427; baseline 0 -17"><span class='ocrx_word' id='word_1_281' title='bbox 321 4355 455 4425; x_wconf 81' lang='lat' dir='ltr'><strong>41ncipit</strong></span> <span class='ocrx_word' id='word_1_282' title='bbox 473 4355 538 4410; x_wconf 81' lang='lat' dir='ltr'><strong>Cod.</strong></span> <span class='ocrx_word' id='word_1_283' title='bbox 557 4357 621 4411; x_wconf 86' lang='lat' dir='ltr'><strong>Vat.</strong></span> <span class='ocrx_word' id='word_1_284' title='bbox 640 4376 666 4427; x_wconf 88' lang='lat' dir='ltr'><strong>p.</strong></span> <span class='ocrx_word' id='word_1_285' title='bbox 680 4362 736 4410; x_wconf 91' lang='lat'>108.</span> 
     </span>
    </p>

    <p class='ocr_par' dir='ltr' id='par_1_13' title="bbox 239 4440 1412 4608">
     <span class='ocr_line' id='line_1_36' title="bbox 323 4440 1380 4520; baseline 0.003 -27"><span class='ocrx_word' id='word_1_286' title='bbox 323 4447 338 4494; x_wconf 85' lang='lat'>5</span> <span class='ocrx_word' id='word_1_287' title='bbox 355 4441 473 4494; x_wconf 88' lang='lat' dir='ltr'><strong>Videtur</strong></span> <span class='ocrx_word' id='word_1_288' title='bbox 481 4440 615 4495; x_wconf 82' lang='lat' dir='ltr'><strong>Frontoni</strong></span> <span class='ocrx_word' id='word_1_289' title='bbox 625 4444 742 4497; x_wconf 84' lang='lat' dir='ltr'><strong>verbum</strong></span> <span class='ocrx_word' id='word_1_290' title='bbox 751 4458 806 4496; x_wconf 90' lang='lat' dir='ltr'><strong>non</strong></span> <span class='ocrx_word' id='word_1_291' title='bbox 815 4443 927 4496; x_wconf 88' lang='lat' dir='ltr'><strong>solitum</strong></span> <span class='ocrx_word' id='word_1_292' title='bbox 937 4443 1065 4512; x_wconf 88' lang='lat' dir='ltr'><strong>usurpari</strong></span> <span class='ocrx_word' id='word_1_293' title='bbox 1075 4443 1104 4496; x_wconf 90' lang='lat' dir='ltr'><strong>in</strong></span> <span class='ocrx_word' id='word_1_294' title='bbox 1116 4443 1246 4513; x_wconf 87' lang='lat' dir='ltr'><strong>precibus</strong></span> <span class='ocrx_word' id='word_1_295' title='bbox 1259 4443 1295 4496; x_wconf 89' lang='lat' dir='ltr'><strong>ad</strong></span> <span class='ocrx_word' id='word_1_296' title='bbox 1305 4443 1380 4520; x_wconf 70' lang='lat' dir='ltr'><strong>deos,</strong></span> 
     </span>
     <span class='ocr_line' id='line_1_37' title="bbox 239 4525 1412 4608; baseline 0.003 -28"><span class='ocrx_word' id='word_1_297' title='bbox 239 4529 281 4580; x_wconf 84' lang='lat' dir='ltr'><strong>cui</strong></span> <span class='ocrx_word' id='word_1_298' title='bbox 301 4525 423 4596; x_wconf 89' lang='lat' dir='ltr'><strong>opinioni</strong></span> <span class='ocrx_word' id='word_1_299' title='bbox 442 4527 554 4580; x_wconf 87' lang='lat' dir='ltr'><strong>obstare</strong></span> <span class='ocrx_word' id='word_1_300' title='bbox 571 4526 700 4582; x_wconf 86' lang='lat' dir='ltr'><strong>videntur</strong></span> <span class='ocrx_word' id='word_1_301' title='bbox 719 4544 790 4597; x_wconf 89' lang='lat' dir='ltr'><strong>quae</strong></span> <span class='ocrx_word' id='word_1_302' title='bbox 809 4527 879 4580; x_wconf 85' lang='lat' dir='ltr'><strong>dixit</strong></span> <span class='ocrx_word' id='word_1_303' title='bbox 890 4528 988 4581; x_wconf 84' lang='lat' dir='ltr'><strong>Festus</strong></span> <span class='ocrx_word' id='word_1_304' title='bbox 1000 4544 1058 4582; x_wconf 87' lang='lat' dir='ltr'><strong>voc.</strong></span> <span class='ocrx_word' id='word_1_305' title='bbox 1074 4533 1104 4582; x_wconf 84' lang='lat' dir='ltr'><strong>ob</strong></span> <span class='ocrx_word' id='word_1_306' title='bbox 1116 4549 1161 4582; x_wconf 79' lang='lat' dir='ltr'><strong>vos</strong></span> <span class='ocrx_word' id='word_1_307' title='bbox 1172 4549 1256 4585; x_wconf 79' lang='lat' dir='ltr'><strong>sacro.</strong></span> <span class='ocrx_word' id='word_1_308' title='bbox 1284 4533 1379 4583; x_wconf 81' lang='lat' dir='ltr'><strong>Maius.</strong></span> <span class='ocrx_word' id='word_1_309' title='bbox 1405 4597 1412 4608; x_wconf 36' lang='lat'><strong>¹</strong></span> 
     </span>
    </p>

    <p class='ocr_par' dir='ltr' id='par_1_14' title="bbox 323 4610 778 4677">
     <span class='ocr_line' id='line_1_38' title="bbox 323 4610 778 4677; baseline 0.009 -15"><span class='ocrx_word' id='word_1_310' title='bbox 323 4618 338 4663; x_wconf 81' lang='grc'><strong>6</strong></span> <span class='ocrx_word' id='word_1_311' title='bbox 357 4610 462 4663; x_wconf 86' lang='lat' dir='ltr'><strong>Codex:</strong></span> <span class='ocrx_word' id='word_1_312' title='bbox 481 4631 529 4677; x_wconf 87' lang='lat' dir='ltr'><strong>em,</strong></span> <span class='ocrx_word' id='word_1_313' title='bbox 548 4611 597 4664; x_wconf 88' lang='lat' dir='ltr'><strong>sed</strong></span> <span class='ocrx_word' id='word_1_314' title='bbox 615 4614 778 4666; x_wconf 90' lang='lat' dir='ltr'><strong>correctum.</strong></span> 
     </span>
    </p>

    <p class='ocr_par' dir='ltr' id='par_1_15' title="bbox 324 4695 1120 4767">
     <span class='ocr_line' id='line_1_39' title="bbox 324 4695 1120 4767; baseline -0.001 -17"><span class='ocrx_word' id='word_1_315' title='bbox 324 4701 338 4750; x_wconf 82' lang='lat'><strong>7</strong></span> <span class='ocrx_word' id='word_1_316' title='bbox 358 4695 463 4747; x_wconf 77' lang='lat' dir='ltr'><strong>Codex:</strong></span> <span class='ocrx_word' id='word_1_317' title='bbox 482 4701 589 4763; x_wconf 71' lang='grc' dir='ltr'><strong>[θηρίον.</strong></span> <span class='ocrx_word' id='word_1_318' title='bbox 624 4695 689 4752; x_wconf 84' lang='lat' dir='ltr'><strong>Mox</strong></span> <span class='ocrx_word' id='word_1_319' title='bbox 706 4715 747 4767; x_wconf 88' lang='lat' dir='ltr'><strong>pr.</strong></span> <span class='ocrx_word' id='word_1_320' title='bbox 767 4715 803 4751; x_wconf 88' lang='lat' dir='ltr'><strong>m.</strong></span> <span class='ocrx_word' id='word_1_321' title='bbox 823 4704 916 4751; x_wconf 78' lang='lat' dir='ltr'><strong>mittam</strong></span> <span class='ocrx_word' id='word_1_322' title='bbox 933 4713 985 4766; x_wconf 84' lang='lat' dir='ltr'><strong>pro</strong></span> <span class='ocrx_word' id='word_1_323' title='bbox 1004 4703 1120 4752; x_wconf 77' lang='lat' dir='ltr'><strong>omittam.</strong></span> 
     </span>
    </p>

    <p class='ocr_par' dir='ltr' id='par_1_16' title="bbox 323 4779 706 4848">
     <span class='ocr_line' id='line_1_40' title="bbox 323 4779 706 4848; baseline 0.013 -17"><span class='ocrx_word' id='word_1_324' title='bbox 323 4785 338 4831; x_wconf 87' lang='grc'>8</span> <span class='ocrx_word' id='word_1_325' title='bbox 358 4779 424 4832; x_wconf 81' lang='lat' dir='ltr'><strong>Cocl.</strong></span> <span class='ocrx_word' id='word_1_326' title='bbox 443 4797 485 4848; x_wconf 88' lang='lat' dir='ltr'><strong>pr.</strong></span> <span class='ocrx_word' id='word_1_327' title='bbox 505 4797 542 4832; x_wconf 88' lang='lat' dir='ltr'><strong>m.</strong></span> <span class='ocrx_word' id='word_1_328' title='bbox 561 4787 706 4836; x_wconf 82' lang='lat' dir='ltr'><strong>claudicem.</strong></span> 
     </span>
    </p>

    <p class='ocr_par' dir='ltr' id='par_1_17' title="bbox 323 4864 1381 4936">
     <span class='ocr_line' id='line_1_41' title="bbox 323 4864 1381 4936; baseline 0.001 -18"><span class='ocrx_word' id='word_1_329' title='bbox 323 4864 422 4918; x_wconf 68' lang='lat' dir='ltr'><strong>aSinc</strong></span> <span class='ocrx_word' id='word_1_330' title='bbox 445 4864 530 4918; x_wconf 88' lang='lat' dir='ltr'><strong>dubio</strong></span> <span class='ocrx_word' id='word_1_331' title='bbox 552 4865 598 4919; x_wconf 89' lang='lat' dir='ltr'><strong>hic</strong></span> <span class='ocrx_word' id='word_1_332' title='bbox 620 4867 662 4920; x_wconf 86' lang='lat' dir='ltr'><strong>est</strong></span> <span class='ocrx_word' id='word_1_333' title='bbox 684 4866 838 4934; x_wconf 87' lang='lat' dir='ltr'><strong>Cornelius,</strong></span> <span class='ocrx_word' id='word_1_334' title='bbox 869 4870 965 4921; x_wconf 87' lang='lat' dir='ltr'><strong>eontra</strong></span> <span class='ocrx_word' id='word_1_335' title='bbox 992 4884 1075 4936; x_wconf 91' lang='lat' dir='ltr'><strong>quem</strong></span> <span class='ocrx_word' id='word_1_336' title='bbox 1100 4867 1199 4921; x_wconf 87' lang='lat' dir='ltr'><strong>habuit</strong></span> <span class='ocrx_word' id='word_1_337' title='bbox 1226 4867 1381 4920; x_wconf 87' lang='lat' dir='ltr'><strong>orationem</strong></span> 
     </span>
    </p>
   </div>
   <div class='ocr_carea' id='block_1_5' title="bbox 1136 4954 1179 5017">
    <p class='ocr_par' dir='ltr' id='par_1_18' title="bbox 1136 4954 1179 5017">
     <span class='ocr_line' id='line_1_42' title="bbox 1136 4954 1179 5017; baseline 0 -26"><span class='ocrx_word' id='word_1_338' title='bbox 1136 4954 1179 5017; x_wconf 69' lang='lat'><strong>7*</strong></span> 
     </span>
    </p>
   </div>
   <div class='ocr_carea' id='block_1_6' title="bbox 0 0 1672 5950">
    <p class='ocr_par' dir='ltr' id='par_1_19' title="bbox 0 0 1672 5950">
     <span class='ocr_line' id='line_1_43' title="bbox 0 0 1672 5950; baseline 0 0"><span class='ocrx_word' id='word_1_339' title='bbox 0 0 1672 5950; x_wconf 95' lang='lat' dir='ltr'><strong> </strong></span> 
     </span>
    </p>
   </div>
  </div>
 </body>
</html>
