3300 5950
283 774 343 838 154
490 773 526 827 Μ,
541 771 710 829 CORNELII
727 774 935 830 FRONTONIS
954 775 1209 832 EPISTULARUM

279 945 436 1028 tertioque
466 996 472 1009 .
504 996 510 1009 .
543 996 549 1009 .
581 995 1149 1012 ..................
1161 950 1185 1031 l¹
1214 956 1359 1035 διαεκευῇ
1388 955 1421 1015 11

279 1050 468 1130 παρεκβάεει
491 1049 673 1112 carendum.

363 1150 536 1214 Enimvero
565 1152 604 1214 ad
631 1150 837 1236 philosophos
864 1152 982 1216 librum
1003 1152 1108 1237 legas:
1143 1154 1298 1238 magistro
1323 1156 1420 1218 inter-

279 1252 420 1335 pretant'
453 1254 571 1317 tacitus
600 1244 769 1338 adtendas3
796 1254 992 1318 intellexisse
1021 1255 1158 1338 adnuas3
1192 1256 1262 1319 aliis
1285 1258 1419 1341 legenti-

279 1354 338 1417 bus
360 1356 428 1438 ipse
450 1354 637 1439 plerumque
659 1356 825 1439 dormites3
850 1356 960 1420 audias
975 1357 1004 1421 τί
1018 1358 1055 1422 τὸ
1071 1362 1214 1440 πρῶτον,
1238 1358 1267 1423 τί
1290 1361 1327 1423 τὸ
1350 1361 1419 1425 δεύ-

279 1478 374 1536 τερον
399 1457 452 1519 diu
473 1458 670 1541 multumque
693 1459 892 1541 numerari²3
924 1460 951 1524 εἰ
973 1459 1073 1539 ἡμέρα
1097 1460 1194 1542 ἐετὶν,
1219 1462 1314 1542 φῶ(3
1337 1462 1419 1528 {criu

279 1558 429 1621 fenestris
450 1559 637 1642 patentibus
659 1559 808 1624 laborari.
855 1560 990 1625 Securus
1018 1562 1093 1624 inde
1116 1561 1230 1645 abeaS,
1262 1563 1310 1626 cui
1339 1564 1420 1626 nihil

279 1682 337 1743 per
363 1662 491 1723 noctem
519 1661 736 1725 meditandum
766 1665 821 1725 aut
845 1663 1124 1745 conscribendum,
1154 1663 1235 1726 nihil
1264 1665 1420 1748 magistro

280 1762 488 1845 recitandum,
505 1764 586 1826 nihil
602 1764 640 1826 cle
654 1764 807 1827 memoria
821 1764 1107 1847 pronrmtiandum,
1124 1763 1228 1850 null[a
1238 1766 1418 1853 verborum]

279 1864 455 1948 indagatio,
478 1864 597 1928 nullius
621 1866 809 1949 synonymil
831 1868 979 1948 ornatus,
1006 1866 1088 1929 nihil
1111 1866 1149 1929 de
1172 1888 1287 1950 graeco
1308 1868 1343 1930 in
1365 1889 1419 1931 no-

280 1966 379 2028 stram
411 1965 557 2050 linguam
592 1966 735 2055 lpariter]
770 1968 967 2031 vertendum.
1017 1967 1057 2030 In
1090 1989 1143 2031 eos
1176 1962 1299 2052 quoque
1331 1991 1420 2032 meus

279 2068 433 2151 magister
460 2068 632 2153 Dionysius
661 2068 788 2132 tenuior
811 2070 863 2132 et⁵
886 2069 1093 2151 compositam
1121 2070 1265 2133 fabulam
1286 2070 1420 2154 protulit

280 2169 318 2233 de
341 2170 572 2253 disceptatione
595 2171 669 2233 vitis
691 2173 724 2233 et
746 2170 869 2234 arboris
891 2169 974 2234 ilicis
982 2184 1004 2235 ².

363 2271 449 2337 Vitis
472 2295 505 2335 se
528 2276 603 2336 ante
625 2272 731 2336 ilicem
753 2273 894 2354 ferebat,
924 2273 1007 2356 quod
1035 2273 1258 2336 suavissimum
1279 2275 1420 2337 fructum

279 2372 445 2436 hominum
468 2373 621 2437 conviviis
644 2382 676 2437 11
698 2374 847 2437 deorum6
870 2374 1024 2437 altaribus
1041 2377 1173 2438 crearet.
1204 2375 1314 2438 Idem⁷
1330 2375 1420 2438 dulce

280 2496 346 2556 esu,
370 2474 454 2538 idem
476 2474 594 2539 haustu
615 2475 799 2539 iucundum.
832 2475 913 2538 Tum
936 2498 969 2539 se
991 2477 1110 2539 maiore
1131 2498 1206 2540 cura
1221 2499 1317 2560 quam
1332 2476 1420 2541 Cleo-

279 2578 405 2658 patram
434 2577 581 2660 reginam
608 2577 730 2660 ornari,
767 2577 924 2661 comptius
958 2600 1053 2661 quam
1080 2577 1210 2641 Laidem
1237 2579 1419 2642 formosam.

280 2676 452 2760 Pampinos
469 2700 541 2742 suos
556 2680 602 2742 ita
624 2677 774 2762 pulchros
797 2700 875 2761 esse,
899 2681 936 2741 ut
957 2682 1164 2743 necterentur
1186 2702 1224 2743 ex
1246 2680 1291 2744 eis
1307 2679 1421 2743 Libero
1508 2719 1512 2726 ·

280 2778 398 2861 thyrsi,
424 2801 540 2843 corona
563 2780 681 2864 Silen0,
705 2780 857 2864 nymphis
877 2780 1069 2864 bacchisque
1092 2782 1293 2865 redimicula3
1315 2782 1420 2845 ilicem

280 2902 348 2945 esse
376 2880 552 2964 horridam,
582 2882 831 2963 infructuosam,
865 2882 1087 2946 inamabilem:
1126 2905 1233 2947 creare
1261 2884 1338 2947 boni
1366 2886 1422 2946 aut

281 2983 405 3049 amoeni
427 3007 602 3071 numquam
625 2986 795 3071 quicquam
818 2985 843 3069 18
850 2988 979 3068 praeter
1001 2985 1153 3070 glandem
1170 3035 1399 3050 ........
1408 2989 1421 3027 ⁹

365 3257 382 3292 a
399 3244 433 3292 In
444 3246 570 3308 marytre.-
588 3240 629 3292 De
641 3239 723 3294 laude
738 3239 799 3294 vitis
812 3256 897 3308 quam
913 3238 995 3306 ilicis,
1014 3240 1043 3294 ct
1055 3205 1090 3294 de
1102 3239 1316 3309 disceptatione,
1337 3257 1421 3308 quam

281 3324 334 3378 sibi
352 3324 469 3379 invicem
486 3324 649 3382 retulerunt.

367 3571 379 3618 1
398 3563 521 3632 Paginae
540 3568 588 3618 383
607 3580 678 3633 quae
697 3563 833 3631 sequitur,
856 3562 925 3616 nihil
942 3563 1074 3631 superest.
1110 3561 1211 3631 Incipit
1229 3561 1295 3616 Cod.
1315 3580 1341 3631 p.
1362 3567 1419 3617 388.

365 3656 380 3702 ‘3
399 3648 503 3703 Codex:
524 3629 675 3702 ruinarum.¹
701 3647 868 3716 Sequuntur,
886 3648 917 3700 ut
934 3646 1052 3712 videtur,
1070 3646 1125 3698 duo
1143 3651 1238 3700 versus
1255 3647 1376 3714 fugaces.

365 3740 380 3786 3
400 3731 504 3786 Codex:
524 3739 592 3800 amc,
612 3733 687 3799 quod
704 3732 793 3786 Maius
810 3750 867 3796 non
885 3732 1017 3786 correxit!
1037 3763 1067 3769 —
1093 3730 1212 3784 Omnino
1230 3731 1334 3784 Fronto
1353 3749 1420 3800 prae

282 3817 366 3872 oculis
384 3818 470 3871 habet
488 3815 602 3870 Sextum
620 3817 782 3886 empiricum
798 3815 886 3870 Marci
903 3815 1069 3884 magistrum
1082 3814 1158 3868 cuius
1170 3815 1240 3868 haec
1256 3813 1318 3883 ipsa
1335 3817 1422 3869 verba

280 3903 411 3970 leguntur
428 3902 558 3970 pyrrhon.
578 3902 611 3955 Il.
633 3901 704 3958 1411.
726 3906 774 3955 198
786 3919 846 3969 sqq.
867 3903 895 3955 et
912 3901 1009 3961 contra
1020 3899 1075 3966 log.
1092 3905 1122 3951 11
1136 3899 1163 3952 ff.
1177 3904 1227 3952 418
1239 3916 1298 3965 sqq.
1329 3899 1420 3966 Atque

280 3986 344 4040 hinc
362 3987 524 4040 confirmare
542 3986 608 4039 licet
626 3985 740 4039 Sextum
762 3985 841 4039 illurn
865 3986 1080 4039 chaeronensem
1101 4000 1203 4056 ⁸revera
1226 3983 1344 4036 eundem
1362 4001 1421 4037 esse

281 4074 365 4138 atque
382 4071 455 4124 hunc
473 4068 647 4139 empiricam,
671 4072 767 4125 contra
790 4070 948 4124 critic-orum
971 4066 1168 4121 dubitationes.
1204 4068 1309 4121 Harum
1327 4070 1421 4122 antem

281 4156 454 4224 argutiarum
476 4172 560 4209 causa
582 4155 641 4223 ipse
662 4154 771 4208 Marcus
790 4172 852 4225 cnm
870 4156 906 4208 ab
925 4154 987 4207 aliis
1003 4152 1099 4206 irrisus
1118 4153 1173 4218 est,
1194 4155 1255 4205 tum
1277 4151 1362 4206 etiam
1384 4153 1420 4205 ab

280 4240 380 4294 Avidio
399 4240 501 4294 Cassio.
539 4238 685 4308 Capitolin.
704 4239 733 4291 in
750 4239 831 4293 huius
850 4239 915 4294 vita.
952 4242 1047 4292 Maius.

364 4331 380 4377 4
398 4325 441 4377 R:
465 4330 545 4378 nullus
563 4331 589 4376 iu
607 4330 749 4392 synonymis
768 4335 881 4379 ornatus.
917 4327 1092 4388 Heindorfius.

366 4416 381 4462 5
399 4409 488 4463 Maius
506 4408 603 4462 inserit
621 4414 695 4474 illam,
713 4424 767 4475 quo
785 4408 921 4462 vocabulo
941 4407 1034 4462 Codex
1052 4409 1136 4460 caret.

365 4501 380 4547 6
399 4494 470 4548 Dedi
487 4493 633 4547 lectionem
651 4491 726 4556 Maii,
743 4493 859 4546 sednon
872 4491 938 4545 satie
956 4493 998 4544 cst
1015 4492 1099 4560 spatii
1109 4491 1139 4544 in
1151 4489 1252 4544 Codice
1270 4489 1317 4557 qui
1334 4490 1422 4544 habet

281 4578 348 4632 DIC.
379 4579 453 4632 Malo
472 4585 543 4632 deum
564 4597 625 4631 cum
647 4576 697 4630 Ed.
715 4575 827 4631 Mediol.

366 4671 380 4717 7
399 4664 584 4717 Heindorfins:
604 4669 662 4716 item
680 4662 759 4714 dulce
778 4677 835 4727 esa,
853 4666 911 4713 item
928 4660 954 4712 h.
973 4660 990 4713 i.

366 4755 381 4801 8
399 4748 500 4816 Incipit
517 4747 583 4802 Cod.
601 4766 627 4816 p.
648 4752 705 4801 387.

366 4841 382 4894 9
399 4830 714 4900 Pcriitinsequentibus
723 4829 829 4887 lacunis
839 4830 1004 4887 laterculum
1014 4848 1099 4885 unum
1109 4848 1171 4884 cum
1181 4829 1304 4883 dimidio.
1326 4833 1419 4882 Maius.
