3300 5950
544 787 685 841 LAUDES
703 788 793 841 FUMI
809 788 859 842 ET
877 788 1054 843 PULVERIS
1073 792 1126 843 etc.
1343 795 1405 860 2ll

623 1218 678 1294 M.
712 1215 1046 1298 FRONTONIs.

496 1365 681 1439 LAUDES
708 1368 828 1439 FUMI
853 1367 914 1439 ΕΤ
940 1368 1179 1466 puerulus

791 1499 882 1551 ITEM

516 1575 520 1582 ‘
556 1599 728 1665 enonas
750 1600 1108 1666 Naoenonormn

635 1753 778 1819 Caesari
801 1770 865 1818 suo
887 1753 1035 1819 Fronto.

346 1887 493 1972 Plerique
524 1888 703 1972 legentium
735 1887 847 1951 forsan
881 1910 949 1952 rem
982 1890 1020 1952 de
1051 1888 1147 1952 titulo
1182 1894 1401 1975 contemnant,

262 1989 343 2051 nihil
366 1990 484 2052 serium
499 1990 648 2073 'potuisse
675 1989 744 2052 fieri
768 1990 806 2052 de
827 1990 917 2053 fumo
945 1992 977 2053 et
1004 1990 1169 2073 provere²z
1197 1995 1233 2053 tu
1262 2014 1320 2074 pro
1347 1995 1403 2055 tuo

262 2090 430 2153 excellenti
464 2090 596 2174 ingenio
628 2091 772 2173 profecto
801 2091 997 2155 existimaris
1025 2091 1094 2154 lusa
1127 2092 1170 2155 sit
1197 2113 1294 2174 opera
1320 2094 1402 2156 ista³

262 2212 304 2253 an
326 2191 441 2254 locata.
489 2266 499 2274 ι
664 2271 672 2279 ἡ

346 2291 407 2356 Sed
429 2314 479 2356 res
497 2315 626 2375 poscere
648 2294 774 2357 videtur
797 2294 835 2356 de
857 2294 982 2357 ratione
1004 2294 1165 2358 scribendi
1187 2316 1290 2377 pauca
1312 2318 1401 2378 prae·

260 2392 333 2475 fari,
357 2393 440 2477 quod
463 2394 586 2457 nullum
609 2393 825 2457 huiuscemodi
850 2395 1002 2477 scriptum
1019 2394 1166 2458 Romane
1179 2395 1292 2479 lingua
1314 2399 1402 2459 extat

261 2494 339 2556 satis
367 2494 492 2577 nobile,
526 2495 590 2559 nisi
623 2496 706 2578 quod
733 2498 848 2578 poetae
880 2496 915 2558 in
944 2496 1132 2559 comoediis⁴
1164 2495 1215 2559 vel
1243 2495 1402 2559 Atellanis

261 2595 471 2680 adtingerunt
480 2597 501 2659 ⁵.
543 2596 603 2671 Qui
626 2597 716 2660 sein
740 2597 893 2660 eiusmodi
916 2597 1010 2660 rebus
1033 2597 1207 2660 scribendis
1231 2597 1400 2679 exercebit,

261 2697 387 2761 crebras
409 2698 586 2761 sententias
610 2699 785 2781 conquiret,
811 2720 927 2781 easque
949 2699 1046 2761 dense
1069 2698 1258 2781 conlocabit,
1283 2701 1315 2760 et
1329 2697 1401 2781 sub-

257 2797 359 2861 tiliter
382 2801 566 2884 coniunget,
590 2820 694 2882 neque
716 2799 813 2863 verba
835 2799 940 2861 multa·
952 2798 1116 2882 geminata
1131 2799 1401 2884 supervacanea{l

258 2899 422 2964 interciet:
446 2905 516 2964 tum
538 2922 665 2964 omnem
688 2901 883 2963 sententiam
906 2899 1045 2962 breviter
1067 2902 1099 2962 et
1121 2900 1200 2962 scite
1221 2900 1398 2962 concludet.

259 3001 364 3065 Aliter
385 3004 420 3064 in
443 2981 855 3083 orationibusiudiciariis,
884 3001 939 3064 ubi
961 3000 1069 3063 sedulo
1096 3022 1253 3082 curamus,
1277 3004 1314 3063 ut
1335 3001 1400 3083 ple-

259 3121 375 3183 raeque
403 3103 583 3166 sententiae
611 3101 720 3164 durius
748 3102 911 3164 interdum
941 3104 974 3163 et
1009 3101 1189 3164 incautius⁷
1213 3101 1398 3164 finiantur&

260 3200 321 3264 Sed
344 3205 456 3265 contra
477 3203 551 3266 istie
571 3202 791 3284 laborandum,
817 3199 897 3289 [ΠΨ
925 3223 966 3265 ne
994 3201 1070 3284 quid
1091 3201 1322 3265 inconcinnum
1350 3202 1400 3265 rel

259 3301 401 3365 hiulcum
422 3303 636 3386 relinquatur,
666 3304 744 3386 quin
771 3303 880 3366 omnia
907 3305 944 3364 ut
970 3301 1003 3364 in
1028 3302 1118 3364 tenui
1140 3305 1228 3366 veste
1256 3303 1320 3366 oris
1348 3303 1399 3365 de-

258 3407 347 3466 texta
370 3404 642 3480 etrerimentis¹⁰
666 3404 733 3466 sint
755 3403 871 3467 cincta.
915 3472 925 3489 ι

343 3647 355 3694 1
376 3640 461 3694 Tituli
478 3639 598 3708 vestigia
609 3639 754 3708 apparent.
779 3637 869 3691 Maius
885 3637 1011 3706 pluribus
1025 3637 1151 3706 disputat
1168 3639 1203 3691 de
1221 3639 1274 3691 hoc
1290 3638 1398 3691 ludicro

174 3739 179 3748 ’
258 3726 366 3780 dicendi
384 3741 493 3793 genere.

340 3817 356 3864 2
373 3811 417 3863 An
434 3808 576 3863 intercidit
593 3815 662 3862 rati?
697 3811 872 3874 Heindorfios.

341 3902 356 3948 3
373 3894 462 3947 Maius
480 3892 646 3961 vocabulum
664 3890 765 3944 omisit.

340 3983 357 4030 4
375 3977 501 4031 Alterum
518 3983 528 4029 ἰ
545 3992 683 4045 suprascr.

342 4061 419 4114 51ta
436 4059 537 4115 Codex.

341 4151 356 4197 6
374 4145 475 4214 Incipit
492 4143 558 4198 Cod.
577 4162 603 4213 p.
622 4149 680 4211 248,
700 4143 827 4197 obscura.

341 4236 356 4284 ἵ
375 4230 548 4298 Schopenus:
574 4233 717 4295 incomtiua,
742 4227 802 4281 coll.
822 4225 935 4290 Quintil.
954 4225 1027 4278 VIII.
1047 4230 1071 4277 6.
1090 4231 1131 4278 65.
1156 4224 1293 4290 Equidem
1310 4225 1397 4277 malo-

257 4331 334 4367 eram
351 4319 475 4368 incultius.

341 4396 415 4452 SCf.
434 4397 528 4452 Senec.
548 4398 598 4466 Ep.
620 4402 675 4450 114.
712 4400 806 4449 Μαὶιιε.

340 4480 426 4535 9Vel
443 4493 490 4537 est.
526 4486 698 4548 Heindorflue.

325 4572 357 4620 10
375 4569 542 4619 Reor‘mentom
560 4566 603 4618 est
619 4563 737 4617 fimbria.
773 4561 902 4627 Namque
919 4560 948 4612 in
960 4559 1097 4629 glossario
1115 4557 1259 4612 Philoxeni
1276 4563 1397 4611 resinen-

257 4662 305 4704 trm
329 4648 483 4717 explicatur
500 4649 695 4715 παραετροφή.
730 4647 803 4700 Tum
824 4646 853 4698 in
871 4644 967 4713 Cyrilli
988 4643 1076 4697 lexico
1099 4645 1289 4709 παραετρὲφω
1307 4642 1397 4695 reddi-

255 4738 301 4789 tur
319 4739 398 4788 rebio.
434 4732 562 4800 lntellige
581 4733 674 4786 autem
691 4737 773 4793 renio,
796 4729 956 4796 ibidemque
974 4744 1025 4795 pro
1043 4733 1206 4780 redimentem
1223 4728 1313 4781 scribe
1331 4733 1396 4781 reoi-

255 4831 368 4873 mnetum.
406 4822 501 4872 Maius.

1128 4897 1194 4959 14*
