3300 5950
287 778 329 846 64
497 776 533 834 M.
548 776 716 835 CORNELII
733 773 941 834 FRONTONIS
959 773 1214 834 EPISTULARUM

286 953 350 1015 Iius
373 956 422 1015 esi
443 951 626 1035 volgaribus
650 955 682 1015 ei
703 952 831 1016 uallatis
853 951 1340 1035 (111811110111011801181111181118ι
1366 953 1423 1035 uti,

287 1056 314 1118 si
335 1076 449 1138 parum
471 1054 661 1137 significei2.

371 1155 461 1218 Haut
483 1156 582 1219 sciam
611 1177 652 1219 an
674 1156 753 1219 ulile
775 1156 817 1218 sii
840 1156 1067 1238 demonstrare,
1097 1164 1217 1239 quanta
1240 1155 1424 1238 difficultas,

286 1279 382 1341 quam
408 1257 593 1341 scrupulosa
621 1261 654 1320 ci
681 1258 795 1320 ancxia
829 1279 904 1320 cura
936 1257 971 1319 in
998 1257 1104 1321 verbis
1132 1258 1306 1340 probandis
1338 1256 1426 1319 adhi-
1515 1262 1517 1267 ’

286 1360 392 1423 benda
420 1360 520 1442 sii³³,
556 1382 598 1423 ne.
627 1381 664 1423 ea
690 1381 740 1422 res
764 1359 888 1422 animos
919 1359 1170 1422 adulescentium
1198 1359 1339 1422 retardet
1372 1362 1427 1421 aui

287 1482 376 1544 spem
399 1461 596 1543 adipiscendi
619 1461 792 1524 (1011111014.
837 1459 912 1523 Una
934 1460 1120 1543 plerumque
1135 1460 1245 1523 liltera
1266 1460 1426 1523 translata

288 1566 343 1625 aui
365 1564 512 1644 exempla
535 1565 590 1626 8111
612 1562 782 1625 immutata
803 1562 869 1625 vim
889 1562 979 1625 verbi
1005 1583 1042 1624 ac
1063 1565 1265 1625 venustatem
1288 1583 1425 1625 commu-

286 1668 336 1727 181
358 1667 390 1726 ei
412 1663 607 1747 eleganliam
628 1664 679 1727 vel
701 1663 868 1728 scientiam
890 1663 1049 1746 loquentis
1072 1663 1223 1726 declarat.
1269 1663 1426 1747 Equidem

286 1768 318 1828 ie
342 1765 563 1847 animadverti,
594 1787 688 1848 quom
713 1765 792 1828 mihi
814 1766 935 1848 scripta
957 1767 1014 1827 lua
1036 1764 1204 1848 relegeres
1236 1765 1337 1847 adque
1367 1786 1426 1848 ego

287 1867 325 1929 de
347 1866 443 1930 verbo
466 1866 622 1949 syllabam
643 1889 700 1950 per
718 1866 743 1951 15
757 1870 925 1949 molarem,
949 1870 982 1929 te
996 1866 1036 1929 id
1058 1866 1239 1950 neglegere,
1264 1888 1325 1931 nec
1346 1866 1426 1929 mul·

286 1972 355 2031 111111
390 1968 509 2031 referre
547 1968 706 2031 arbilrari.
751 1967 859 2031 Nolim
895 1968 995 2052 igitur
1034 1971 1066 2031 te
1099 1969 1249 2052 ignorare
1282 1968 1423 2051 syllabae

286 2071 380 2133 unius
414 2070 584 2133 discrimen
607 2073 763 2154 quantum
784 2070 933 2133 referalb.
979 2065 1044 2133 086
1070 2077 1202 2135 colluere
1224 2070 1342 2151 dicam,
1370 2092 1424 2153 pa-

177 2229 179 2240 .
285 2173 462 2236 vimenium
486 2174 592 2235 aulem
619 2173 654 2236 in
682 2172 805 2235 balneis
828 2178 981 2254 pelluere,
1010 2194 1077 2235 non
1105 2171 1258 2235 colluere:
1285 2170 1425 2234 lacrimis

286 2296 360 2337 vero
382 2295 483 2357 genas
505 2275 625 2338 lobere⁷
649 2274 762 2357 dicam,
787 2295 854 2336 uon
875 2273 1015 2357 pelluere
1036 2294 1139 2355 neque
1157 2272 1308 2355 colluere,
1330 2273 1425 2335 vcsti-

286 2378 396 2439 menia
419 2378 525 2437 autem
547 2382 662 2458 lucare,
685 2397 751 2440 non
774 2376 896 2438 lavere:
925 2375 1072 2438 sudorem
1092 2395 1187 2458 porro
1209 2377 1242 2437 ei
1262 2374 1426 2458 pulverem

287 2482 417 2558 abluere,
441 2498 508 2539 non
529 2476 650 2559 lavare,
673 2478 728 2541 sed
749 2477 909 2540 maculam
931 2475 1111 2559 elegantius
1133 2482 1233 2539 eluere
1254 2497 1349 2559 quam
1372 2475 1425 2538 ab·

285 2577 382 2641 luere.
427 2576 538 2660 Siquid
560 2600 634 2642 vero
655 2578 759 2662 magis
782 2578 902 2642 heserii
923 2599 984 2641 nec
1014 2578 1084 2640 sine
1105 2576 1211 2660 aliquo
1234 2577 1425 2640 delumenlo

288 2678 373 2762 exigi
395 2678 506 2762 possib,
530 2678 696 2762 plautino8
728 2681 823 2743 verbo
852 2687 970 2744 elucere
993 2680 1106 2742 dicam.
1151 2678 1233 2741 Tum
1259 2682 1425 2763 praeterea

286 2780 423 2843 mulsum
452 2786 577 2863 diluere,
605 2781 714 2844 fauces
740 2790 896 2863 proluere,
926 2780 1082 2864 ungulam
1109 2780 1252 2844 iumento
1280 2786 1424 2844 subluere.

287 2881 349 2945 Tol
371 2881 523 2965 exemplis
545 2904 646 2946 unum
668 2884 768 2966 adque
790 2884 876 2947 idern
897 2883 1029 2946 verbum
1051 2880 1192 2964 syllabae
1215 2882 1316 2964 adque
1341 2881 1425 2944 lille-

287 3006 341 3048 rae
364 2985 612 3049 commutatione
641 2987 677 3049 in
703 2986 826 3050 varium
853 2986 981 3049 modurn
1004 2985 1043 3047 ad
1066 2984 1214 3047 0011811111ῃ
1236 2985 1425 3066 usurpabur:

287 3088 355 3148 lam
381 3085 509 3150 hercule
537 3108 632 3169 quam
661 3088 778 3151 faciem
799 3088 1032 3151 medicamento
1058 3093 1152 3162 lirum,
1191 3105 1289 3149 caeno
1312 3106 1426 3169 corpus

288 3193 416 3266 oblitum,
452 3187 583 3251 calicem
610 3188 703 3252 melle
732 3196 864 3272 delitum,
897 3209 1082 3252 mucronem
1107 3187 1274 3269 veneno¹⁰,
1301 3186 1426 3249 radium

287 3289 372 3352 visco
395 3295 510 3353 inlitum
533 3291 651 3353 rectius
674 3291 818 3354 dixerim.

371 3389 461 3453 Haut
476 3391 575 3454 sciam
597 3415 639 3455 an
661 3393 732 3475 quis
754 3395 861 3477 rogel:
884 3414 963 3456 num
977 3391 1081 3474 quis¹¹
1098 3411 1149 3454 me
1163 3389 1312 3474 prohibei
1332 3389 1425 3453 vesli-

291 3531 369 3539 ..---.
396 3533 401 3538 .
436 3532 484 3538 .-<

373 3610 390 3646 a
408 3596 440 3646 In
458 3599 582 3661 marpiue:
601 3593 642 3646 Dc
659 3595 808 3648 verborum
825 3593 1053 3664 proprietatibus.

372 3678 390 3731 b
410 3683 443 3731 ln
460 3684 584 3745 marylne:
602 3678 720 3732 Multum
738 3678 832 3732 differt
849 3677 930 3732 unius
947 3677 1071 3745 syllabae
1091 3676 1245 3731 discrimen.

289 3818 489 3828 ψωμῷ.

374 3905 387 3952 1
407 3897 511 3953 Codex:
530 3904 657 3968 requietis.

373 3989 388 4036 2
405 3983 492 4037 Malo:
510 3989 658 4052 elquificent.
693 3983 730 4038 EI
746 3982 787 4038 ila
805 3981 974 4052 Schopcnus.

356 4075 389 4122 -3
408 4066 473 4121 Ood.
492 4085 533 4136 pr.
552 4085 588 4121 m.
607 4075 666 4122 sz'nl

372 4158 389 4204 4
407 4150 472 4205 Cod.
491 4169 532 4219 pr.
551 4169 587 4204 m.
608 4157 728 4207 deuilr'lul.

373 4242 388 4289 5
406 4234 506 4303 Incipil
523 4233 588 4288 Cod.
607 4234 670 4289 Vae.
689 4253 716 4304 p.
732 4242 788 4289 152.

373 4319 477 4372 oAdd.
495 4336 548 4372 sec.
568 4337 603 4372 m.

374 4410 388 4456 7
407 4404 449 4455 Iba
468 4401 533 4456 cod.
552 4420 594 4472 pr.
613 4420 663 4469 m.;
682 4405 712 4457 ab
729 4421 781 4457 sec.
801 4421 836 4457 m.
856 4408 953 4460 labere.

374 4492 389 4540 8
406 4486 495 4540 Maius
512 4486 609 4541 laudab
626 4487 734 4541 Asinar.
753 4489 773 4554 I,
786 4494 810 4540 2.
824 4494 852 4553 93
870 4488 941 4540 Rud.
960 4488 1089 4553 11,7.a1;
1108 4484 1260 4539 Trinumm.
1279 4486 1313 4552 II,
1325 4491 1348 4539 4.
1363 4492 1386 4541 5.

374 4577 388 4624 9
406 4571 493 4639 Lege:
516 4592 547 4626 ae
567 4591 677 4636 sensum,
699 4572 755 4626 vid.
775 4571 803 4625 C.
822 4572 851 4625 F.
865 4572 910 4625 W.
926 4571 1059 4625 Mullerus
1081 4570 1110 4622 in
1132 4571 1201 4624 Anu.
1222 4570 1313 4623 Fleck.
1331 4569 1425 4623 XCIII.

289 4674 315 4726 p.
329 4663 387 4711 490.

360 4747 390 4794 10
407 4739 545 4795 Excidissc
563 4739 673 4794 videtur
688 4747 822 4808 praclilum
840 4739 885 4794 vel
900 4745 1047 4808 superlilum
1063 4738 1108 4794 vel
1125 4747 1240 4795 eollilum.
1278 4742 1393 4794 Orelliua.

282 4891 284 4894 .
359 4830 389 4879 11
409 4824 512 4879 Codex:
532 4845 588 4878 uam
606 4830 668 4894 quis,
687 4825 762 4892 quod
780 4823 894 4878 correxi.
