3300 5950
436 763 485 817 Ao
504 764 540 817 Μ.
554 761 745 817 CAESAREM
762 762 808 816 ET
827 761 979 816 lNVlCEM
995 759 1104 816 LIBER
1121 762 1181 816 llll.
1345 764 1386 827 63

331 935 394 999 Hic
417 938 452 999 tu
473 936 610 999 fortasse
625 936 799 998 iandudum
815 934 968 1017 requiras,
992 955 1054 1017 quo
1076 934 1111 996 in
1132 955 1264 997 numero
1285 933 1387 997 locem

246 1039 290 1102 M.
314 1038 464 1119 Tullium,
488 1038 543 1121 qui
567 1040 663 1121 caput
685 1040 780 1121 atque
807 1037 881 1100 fons
902 1057 1053 1100 romanae
1080 1036 1251 1099 facundiae
1274 1034 1386 1099 cluet&

246 1140 331 1204 Eum
355 1161 414 1223 ego
437 1139 576 1202 arbitror
598 1161 823 1223 usquequaque
850 1137 1200 1221 verbispulcherrimis
1228 1136 1387 1200 elocutum

247 1245 280 1305 et
302 1245 376 1305 ante
399 1241 502 1304 omnis
525 1240 603 1304 alios
626 1243 767 1305 oratores
790 1240 830 1304 ad
852 1263 899 1324 ea,
924 1262 1004 1324 quae
1026 1242 1187 1304 ostentare
1208 1238 1315 1321 vellet,
1339 1260 1387 1300 or-

247 1344 354 1407 nanda
382 1342 591 1427 magnificum
618 1343 729 1406 fuisse.
778 1342 901 1407 Verum
927 1342 955 1405 is
982 1342 1062 1405 mihi
1089 1342 1215 1406 videtur
1247 1363 1265 1403 a
1293 1361 1386 1424 qnae-

247 1446 353 1509 rendis
385 1444 600 1527 scrupulosius
638 1444 742 1508 verbis
774 1444 886 1528 procul
923 1444 1042 1507 afuisse
1080 1443 1130 1507 vel
1164 1443 1387 1527 magnitudine

248 1548 358 1629 animi,
382 1545 432 1610 vel
453 1546 533 1630 fuga
555 1545 683 1628 latoria,
718 1545 769 1609 vel
795 1546 912 1609 fiducia
920 1546 945 1629 b,
979 1567 1046 1608 non
1068 1544 1250 1629 quaerenti¹
1289 1544 1387 1606 etiam

248 1649 318 1731 sibi,
347 1670 428 1731 quae
456 1648 510 1711 vix
539 1647 609 1710 aliis
638 1646 867 1730 quaerentibus
894 1647 1111 1730 subvenirent,
1146 1649 1274 1731 praesto
1298 1645 1386 1708 adfu-

247 1761 329 1813 tura.
373 1749 486 1832 ltaque
521 1749 702 1832 conperisse
729 1748 854 1830 videor,
888 1751 926 1811 ut
953 1750 1007 1832 qui
1035 1750 1102 1813 eius
1130 1749 1251 1832 scripta
1279 1747 1387 1811 omnia

248 1852 476 1915 studiosissime
497 1850 680 1932 lectitarim,
712 1853 817 1914 cetera
847 1872 919 1913 eum
941 1871 1061 1933 genera
1087 1851 1256 1914 verborum
1284 1849 1387 1931 copio-

179 1984 190 1998 ·
248 1954 370 2016 sissimo
392 1952 613 2036 uberrimaque
635 1955 803 2035 tractasse,
828 1952 925 2016 verba
946 1952 1086 2035 propria,
1117 1951 1285 2037 translata,
1314 1950 1387 2012 sim-

247 2055 354 2138 plicia,
386 2055 561 2138 conposita,
597 2058 629 2117 et
661 2076 741 2137 quae
769 2055 805 2117 in
834 2054 901 2117 eius
934 2054 1062 2117 scribtis
1087 2053 1203 2137 ubique
1234 2052 1385 2133 diluoent,

248 2157 346 2221 verba
367 2156 512 2239 honesta,
543 2177 771 2238 saepenumero
793 2157 891 2219 etiam
913 2177 1061 2219 amoena:
1085 2177 1180 2239 quom
1212 2157 1321 2217 tamen
1352 2154 1388 2216 in

249 2259 395 2330 omnibus
425 2258 492 2321 eius
520 2256 719 2321 orationibus
746 2258 940 2339 paucissima
967 2256 1136 2320 admodum
1167 2255 1307 2339 reperias
1340 2255 1387 2317 111-

249 2363 377 2444 sperata
399 2360 501 2442 adque
522 2358 691 2441 inopinata
712 2358 819 2441 verba,
850 2380 931 2442 quae
956 2358 1086 2422 nonnisi
1115 2379 1187 2421 cunr
1209 2356 1313 2420 studio
1341 2360 1388 2419 at·
1418 2344 1425 2430 1

249 2484 309 2545 que
332 2483 408 2525 cura
430 2463 525 2544 atque
548 2459 660 2543 vigilia
682 2460 783 2543 adque
805 2460 926 2523 multa²
948 2463 1091 2524 veterum
1120 2460 1299 2523 carminum
1325 2480 1388 2522 me·
1414 2433 1420 2560 t

249 2564 349 2626 moria
382 2563 589 2646 indagantur.
613 2561 637 2646 1³
658 2562 863 2646 insperatum
896 2564 1003 2625 autem
1032 2561 1153 2645 adque*
1186 2561 1389 2643 inopinatum
1419 2582 1422 2605 ¹

250 2685 322 2727 vero
345 2663 481 2747 appello,
504 2663 587 2747 quod
609 2666 737 2746 praeter
759 2685 848 2747 spem
871 2666 966 2747 atque
988 2664 1173 2747 opinionem
1191 2654 1388 2725 audientium

250 2770 305 2828 aut
325 2765 503 2848 legentium
533 2764 706 2847 promitur:
728 2765 775 2827 ita
797 2768 834 2828 ut
855 2765 882 2827 si
905 2763 1085 2846 subtrahas,
1116 2765 1218 2847 adque
1240 2785 1313 2827 eum
1334 2764 1389 2846 qui

248 2866 337 2949 legat
365 2888 515 2950 quaerere
549 2866 654 2949 ipsum
681 2866 809 2948 iubeas,
846 2869 902 2930 aut
933 2865 1058 2929 nullum
1091 2869 1147 2928 aut
1176 2887 1242 2930 non
1269 2865 1316 2928 ita
1349 2865 1389 2927 ad
1455 2865 1456 2868 ’
1518 2870 1520 2874 ’

249 2968 496 3052 significandum
519 2968 812 3032 adcommodatum⁵
836 2967 968 3032 verbum
990 2966 1077 3031 aliud
1098 2967 1247 3049 reperiat.
1284 2965 1388 3042 Quam

249 3069 314 3133 ob6
335 3091 403 3132 rem
424 3072 457 3133 10
479 3090 598 3152 magno
621 3091 716 3153 opere
746 3069 911 3151 conlaudo,
936 3070 1019 3152 quod
1041 3069 1071 3132 01
1092 3069 1138 3132 101
1162 3090 1269 3132 curam
1298 3069 1389 3131 indu-

250 3171 423 3253 striamque
440 3170 582 3253 adhibes,
605 3173 642 3233 ut
656 3171 787 3234 verbum
810 3193 848 3236 ex
872 3172 936 3235 alto
959 3171 1070 3234 eruas⁷
1093 3173 1125 3233 et
1147 3171 1187 3233 ad
1205 3170 1389 3254 significan-

250 3271 324 3334 dum
353 3272 580 3335 adcommodes.
624 3271 755 3355 Verum,
785 3276 822 3336 ut
849 3272 942 3336 initio
964 3271 1040 3354 dixi,
1063 3293 1218 3356 magnum
1239 3272 1275 3335 in
1297 3294 1334 3336 ea
1355 3292 1390 3334 re

250 3373 426 3456 periculum
448 3377 506 3455 est,
540 3395 582 3437 ne
610 3373 716 3437 minus
745 3377 819 3458 apte
847 3376 904 3437 aut
929 3395 1043 3456 parum
1071 3373 1208 3437 dilucide
1241 3376 1297 3436 aut
1323 3394 1390 3436 non

251 3475 328 3537 satis
353 3475 474 3557 decore,
498 3475 554 3538 utS
577 3497 596 3538 a
618 3475 801 3558 semidoct0,
832 3474 1030 3539 conlocetur:
1057 3496 1196 3558 namque
1217 3474 1319 3538 multo
1341 3495 1390 3537 sa·

334 3693 352 3731 a
370 3681 402 3730 In
420 3682 547 3745 maqqr'ne:
565 3678 636 3731 Laus
655 3676 802 3733 Ciceronis.

334 3762 352 3815 b
371 3767 406 3814 In
423 3768 548 3830 margine:
568 3762 674 3815 Tullius
693 3764 777 3833 caput
794 3762 886 3830 adque
898 3763 959 3818 fons
970 3778 1103 3817 romanae
1116 3760 1290 3831 eloquentiae
1304 3761 1389 3816 eluet:

249 3845 347 3914 procul
363 3847 458 3901 tamen
476 3862 493 3899 a
511 3846 675 3914 quaerendis
693 3847 877 3916 scrupulosius
893 3847 986 3902 verbis
1006 3847 1059 3901 fuit
1079 3848 1124 3901 vel
1146 3847 1231 3901 animi
1253 3847 1391 3916 1110911111-

251 3930 314 3984 dine
332 3931 376 3984 vel
393 3931 463 3999 fuga
479 3929 584 3984 laboris
603 3931 647 3986 vel
663 3932 772 3986 fiducia.

250 4069 458 4078 ———-

336 4140 349 4187 1
369 4133 473 4189 Codex:
493 4140 641 4204 quaerendi.
677 4135 802 4190 Correxit
818 4134 915 4190 Maius.

335 4224 350 4271 2
369 4219 439 4272 Add.
458 4237 511 4274 sec.
531 4238 567 4274 m.

335 4310 351 4358 3
368 4303 470 4373 Incipit
488 4303 553 4358 Cod.
572 4303 663 4359 Vatio.
681 4322 708 4373 p.
724 4310 780 4360 145.

335 4393 351 4440 4
369 4387 440 4442 Add.
461 4387 514 4442 sec.
533 4406 569 4442 m.

335 4478 350 4525 5
369 4470 474 4526 Codex:
498 4483 541 4527 ant
559 4494 609 4528 non
626 4479 664 4527 ita
685 4478 877 4542 ripnfieundum
900 4480 1153 4535 adcommodandum;
1182 4475 1242 4527 tum
1264 4473 1391 4527 emenda-

250 4556 322 4610 tum:
341 4561 563 4612 adcommodatum.

335 4639 440 4693 ssAdd.
460 4658 513 4696 sec.
532 4660 569 4695 m.

336 4730 351 4777 7
370 4723 435 4778 Cod.
454 4742 496 4793 pr.
515 4742 550 4779 m.
571 4730 654 4781 erbas.

334 4813 350 4861 8
369 4806 530 4878 Schopenus
548 4810 675 4865 correxit.
713 4810 806 4867 Codex
823 4829 866 4881 pr.
885 4829 935 4866 m:
954 4825 1006 4868 aut.
