3300 5950
621 809 669 861 AD
688 808 821 863 AMICOS
840 809 947 863 LIBER
964 810 998 864 Il.
1319 814 1380 877 193

239 976 322 1058 quod
346 998 382 1040 ea
404 998 454 1039 res
477 977 629 1060 postulat,
653 982 689 1042 ut
712 1000 783 1042 oum
806 979 944 1062 epistula
967 938 1139 1043 coniuncta
1161 981 1204 1043 sit
1225 981 1380 1071 quaedam

240 1078 476 1141 causidicati01.

322 1178 405 1244 Rem
420 1201 548 1243 omnem
563 1181 620 1263 ita,
645 1184 682 1244 ut
695 1181 775 1244 mihi
789 1181 982 1246 Volumnius
1004 1182 1161 1266 exposuit,
1184 1204 1379 1267 proponam3

122 1337 125 1342 ,
239 1280 333 1344 simul
355 1284 387 1345 et
409 1281 647 1366 unumquidque
670 1304 822 1347 verumne
845 1284 888 1347 sit
909 1283 1041 1367 rogabo.

322 1382 424 1446 Estne
451 1382 523 1466 lege
559 1382 702 1447 coloniae
725 1383 1010 1449 Concordiensium
1045 1388 1191 1468 cautum,
1226 1408 1268 1450 ne
1308 1386 1379 1469 quis

239 1483 377 1548 scribam
398 1483 491 1568 faxit,
514 1485 577 1548 nisi
600 1508 673 1549 enm
687 1507 782 1569 quem
799 1485 1003 1550 decurionem
1018 1507 1141 1570 quoque
1163 1490 1250 1551 recte
1271 1486 1379 1551 facere

238 1584 362 1668 possit?

321 1686 508 1751 Fuenmtne
534 1709 645 1753 omnes
673 1692 705 1752 et
728 1692 804 1753 sunt
831 1690 872 1752 ad
893 1688 955 1753 hoe
976 1688 1149 1772 locorum²,
1183 1690 1298 1773 quibus
1320 1712 1378 1753 un-

238 1810 334 1872 quam
355 1789 514 1873 scriptus³
535 1789 681 1874 publicus
704 1789 900 1855 Concordiae
921 1789 1007 1854 latus
1029 1794 1088 1873 est,
1114 1790 1325 1855 decuriones?

321 1889 480 1953 Factume
503 1894 552 1954 est
573 1889 765 1955 Volumnius
787 1892 914 1956 decreto
944 1891 1065 1955 ordinis
1092 1892 1197 1955 scriba
1225 1895 1258 1955 et
1286 1892 1379 1956 decu-

237 1989 308 2054 rio?
350 1991 526 2055 Pensiones
545 1991 698 2075 plurimas
720 1993 761 2056 ad
783 1995 931 2076 quartam
951 2014 1051 2076 usque
1073 1993 1113 2056 ob
1136 1992 1378 2057 decurionatum

237 2091 473 2175 dependitne4?

320 2191 447 2257 Ususne
462 2196 512 2258 est
525 2216 583 2277 per
605 2194 744 2278 quinque
760 2200 793 2260 et
807 2196 1023 2280 quadraginta
1045 2217 1146 2259 annos
1161 2194 1308 2259 omnibus
1324 2197 1375 2259 de-

238 2294 403 2357 curionum
425 2294 584 2378 praemis⁵
606 2296 857 2381 commodisque,
882 2299 970 2362 cenis
992 2297 1140 2380 publiciS,
1164 2300 1200 2360 in
1221 2297 1319 2381 curia,
1342 2298 1378 2360 in

237 2395 451 2479 spectaculis?
495 2395 683 2480 Conovium,
708 2398 832 2462 seditne
854 2402 891 2461 ut
913 2399 1040 2463 decurio
1047 2448 1056 2481 ‚
1081 2397 1293 2461 censuitne⁶?

321 2496 355 2561 si
382 2518 444 2581 quo
471 2518 546 2561 usus
573 2498 637 2561 fuit
663 2499 790 2581 publice
817 2498 972 2583 legando,
1006 2499 1175 2583 legatusne
1203 2502 1253 2563 est
1280 2498 1377 2563 Volu-

236 2598 342 2661 mnius
365 2597 636 2682 saepenumero⁷l

264 2686 269 2695 ’
320 2697 422 2762 Estne
448 2698 620 2763 Volumnio
649 2700 757 2785 legato
790 2701 963 2787 (sem)per⁸
990 2701 1143 2766 viaticum
1169 2701 1297 2784 publice
1325 2703 1376 2765 de-

237 2799 380 2863 cretum?

318 2900 402 2963 Item
430 2901 602 2987 legationis
630 2903 669 2966 de
695 2924 730 2966 re
756 2902 988 2967 frumentaria⁹
1021 2904 1124 2988 gratis
1158 2925 1177 2966 a
1203 2903 1377 2967 Volumnio
1473 2983 1485 2993 ,

236 3005 402 3084 susceptae
411 3003 435 3044 ¹⁰
455 3007 545 3068 estne
566 3005 602 3068 in
624 3006 862 3068 commentariis
884 3004 1021 3088 publicis
1044 3005 1166 3087 scripta
1189 3027 1376 3069 commemo·

236 3103 342 3166 ratio?

321 3203 355 3268 si
370 3204 477 3268 omnia
499 3206 572 3289 ista,
596 3227 676 3290 quae
699 3207 894 3291 supradixi,
917 3207 964 3270 ita
986 3207 1131 3289 decreta,
1154 3207 1202 3270 ita
1224 3207 1374 3291 depensa,

234 3306 281 3368 ita
303 3309 396 3389 gesta
418 3310 510 3392 sunt,
535 3308 640 3391 quid¹¹
660 3311 709 3373 est
731 3329 788 3372 cur
809 3308 936 3372 dubites
957 3312 1032 3392 post
1052 3309 1192 3392 quinque
1208 3310 1285 3393 etl¹²
1300 3331 1376 3392 qua·

319 3499 333 3544 1
351 3491 526 3546 Vocabulum
542 3494 694 3562 repetitum
710 3493 740 3546 in
756 3493 891 3563 margine.

318 3582 334 3629 2
352 3577 396 3631 Ita
414 3576 480 3632 Cod.
498 3579 530 3633 ut
546 3578 663 3632 videtur.
698 3578 787 3632 Maius
803 3578 952 3632 videbatur
970 3577 1023 3632 sibi
1040 3577 1134 3633 videre
1151 3585 1271 3633 locarwn.

318 3668 334 3715 3
352 3661 526 3715 Vocabulum
543 3663 685 3731 hucusque
702 3664 800 3716 notum
817 3663 899 3715 unico
917 3662 1044 3731 exemplo
1065 3660 1173 3716 Pisonis
1191 3679 1235 3731 ap.
1255 3662 1375 3716 Gellium

233 3742 279 3798 VI.
298 3750 323 3798 9.
359 3750 453 3801 Maian.
487 3745 660 3800 Eeksteinius
683 3745 780 3800 laudat
796 3744 884 3800 vitam
900 3746 1010 3801 Horatii
1027 3745 1056 3799 in
1074 3745 1200 3801 Suetonii
1216 3745 1306 3814 Reliq.
1323 3746 1373 3799 Ed.

231 3828 437 3884 Reifferscheid.
456 3849 483 3899 p.
501 3836 548 3884 44:
576 3837 697 3900 scriplum
715 3836 886 3901 quaestorium
902 3837 1067 3900 comparauit.

318 3914 395 3967 41ta
413 3913 514 3968 Codex.
543 3914 585 3968 De
607 3915 786 3984 pensionibus
803 3930 856 3984 pro
872 3915 989 3970 introitu
1006 3915 1035 3968 in
1058 3915 1164 3970 curiam
1180 3915 1305 3982 loquitur
1321 3915 1375 3968 Pli-

235 3996 297 4050 nius
314 3997 364 4066 Ep.
383 3997 417 4051 X.
438 4003 495 4053 113.
530 4003 625 4054 Mutus.

318 4087 333 4136 5
350 4082 395 4136 Ita
412 4081 513 4136 Codex.

317 4172 333 4219 6
351 4166 419 4221 Tria
433 4167 578 4236 postrema
595 4167 732 4222 vocabula
749 4169 889 4223 corrector
906 4168 1015 4223 addidit
1032 4169 1107 4222 intra
1124 4168 1171 4221 lin.
1191 4170 1221 4222 et
1238 4185 1327 4237 marg.

317 4258 331 4306 7
349 4252 438 4306 Erant
447 4251 520 4306 enim
529 4252 685 4321 legationes
696 4252 791 4307 munia
807 4252 994 4307 decurionum.
1018 4252 1082 4321 Dig.
1095 4253 1222 4307 L.7.4.ff.
1234 4258 1257 4307 ὅ.
1277 4257 1373 4306 Maian.

316 4342 332 4390 8
352 4342 450 4404 hepate
467 4336 569 4405 legitur
587 4336 616 4390 in
633 4337 687 4391 fine
703 4353 812 4402 versus3
839 4336 934 4405 itaque
952 4336 1030 4390 licuit
1054 4353 1116 4390 cum
1133 4336 1294 4390 Heindorfio
1316 4336 1374 4390 tres

234 4419 362 4487 supplere
378 4421 495 4475 litteras,
1416 4411 1422 4421 ’

317 4509 333 4556 9
352 4502 417 4558 Cod.
436 4523 477 4573 pr.
497 4523 533 4558 m.
553 4511 793 4560 deremmentartum.
830 4504 957 4559 Correxit
973 4505 1065 4575 prima
1081 4521 1190 4559 manus:
1220 4524 1302 4557 cerem
1314 4509 1373 4567 sru-

232 4593 388 4640 memoriam.

302 4677 333 4724 10
350 4669 392 4725 De
409 4671 550 4740 legatione
572 4674 660 4742 gratis
678 4675 808 4742 suscepta
825 4673 888 4742 Dig.
907 4674 937 4727 L.
958 4681 981 4728 7.
1003 4679 1041 4727 11.
1070 4678 1166 4728 Maius.
1227 4677 1231 4680 ’

302 4762 331 4809 11
352 4754 457 4809 Codex:
476 4763 512 4811 id.

301 4847 332 4893 12
349 4839 451 4908 Incipit
469 4838 536 4894 Cod.
555 4859 582 4909 p.
601 4847 660 4909 289,
678 4858 765 4897 erasa.

270 4960 369 4996 naour.
382 4961 417 4996 nr
429 4961 531 5000 suana.
544 4960 633 4997 rerer.
1131 4928 1169 4991 13
