3300 5950
287 792 350 855 220
541 790 577 842 Μ.
597 787 764 842 CORNELII
782 786 988 841 PRONTONIS
1006 786 1181 871 EPISTULA

372 959 432 1024 sed
455 958 613 1022 somnium
634 958 718 1021 filiae
733 956 896 1039 Polycrati
917 958 982 1021 iam
1004 960 1079 1021 ante
1101 958 1230 1043 insigne
1251 958 1424 1042 optigerat.

288 1062 417 1125 Patrem
443 1082 535 1124 suum
562 1059 669 1124 videre
698 1058 759 1122 sibi
788 1058 857 1122 visa
885 1062 954 1122 erat
976 1061 1092 1141 aperto
1117 1061 1212 1142 atque
1239 1059 1324 1123 edito
1356 1058 1426 1122 loco

287 1163 454 1226 sublimem
477 1162 579 1246 ungui
601 1164 633 1225 et
654 1161 716 1225 lavi
733 1160 817 1223 lovis
833 1163 865 1224 et
880 1158 961 1224 Solis
976 1161 1134 1240 manibus.
1172 1148 1301 1224 Harioli
1320 1162 1426 1223 autem

286 1264 404 1327 laetam
426 1265 459 1326 et
480 1263 633 1346 pinguem
654 1263 818 1325 fortunam
839 1262 1023 1345 portendier
1045 1262 1168 1325 somnio
1189 1262 1424 1345 interpraetati.

288 1365 349 1428 Sed
379 1386 472 1428 omne
506 1367 618 1427 contra
652 1363 768 1426 evenit.
813 1362 898 1426 Nam
927 1363 1077 1446 deceptus
1110 1363 1150 1426 ab
1181 1362 1297 1426 Oroete
1329 1362 1426 1427 Perse

287 1465 470 1549 Polycrates
498 1467 672 1549 captusque
699 1464 734 1527 in
762 1486 888 1527 crucem
915 1464 1059 1528 sublatus
1088 1466 1145 1527 est.
1191 1463 1241 1526 Ita
1269 1464 1297 1526 ei
1326 1464 1425 1527 cruci-
1477 1546 1480 1552 Ι

288 1568 356 1629 anti
379 1567 539 1630 somnium
561 1564 766 1652 expelditum.
812 1564 995 1652 Manibus]¹
1018 1570 1098 1629 Iovt's
1119 1587 1186 1629 cum
1203 1573 1324 1645 plueret
1340 1572 1426 1630 lucu-

288 1673 387 1745 butur,
414 1673 508 1732 usole
524 1673 722 1745 coquebatur,
747 1671 825 1741 uum,
840 1674 904 1745 ipse
919 1688 935 1730 e
949 1687 1079 1746 corpore
1093 1672 1244 1731 humorem
1267 1674 1424 1731 emitteret.

288 1768 392 1832 Huius
422 1766 571 1855 [fabulae]
601 1789 729 1831 exorsus
755 1818 761 1831 .
787 1818 794 1831 .
819 1768 898 1832 bent
921 1817 928 1832 .
955 1755 1166 1831 sinterdum²
1191 1819 1198 1833 .
1224 1818 1231 1832 .
1276 1768 1351 1832 Non
1378 1771 1427 1831 est

280 1869 510 1959 ¹exsultandum
543 1870 642 1933 nimia
676 1873 708 1932 et
740 1868 865 1932 diutina
896 1869 1124 1952 prosperitate,
1157 1870 1256 1954 l³nec,
1291 1870 1318 1931 si
1351 1870 1427 1953 quid

287 1970 389 2033 malae
411 1993 540 2055 pugnae
568 1970 729 2053 acciderit,
759 1970 1045 2034 defetiscendum⁴z
1073 1971 1127 2034 sed
1149 1970 1316 2033 victoriam
1338 1970 1426 2033 brevi
1518 1982 1524 1989 '

288 2094 390 2154 spera.
435 2071 581 2156 Namque
604 2092 729 2154 semper
750 2072 784 2134 in
812 2072 907 2135 rebus
928 2071 1029 2155 gestis
1043 2071 1198 2135 Romanis
1221 2072 1349 2136 crebrae
1363 2072 1426 2135 for·

286 2176 437 2236 tunarum
461 2174 724 2238 commutationes
747 2173 968 2237 exstitenmt5.

372 2274 448 2349 Quis
471 2276 518 2338 ita
540 2275 672 2359 ignarus
695 2277 744 2337 est
765 2273 951 2339 bellicarum
966 2275 1200 2356 memoriarum,
1224 2275 1279 2358 qui
1297 2274 1427 2358 ignoret

287 2375 440 2458 populum
462 2375 642 2439 Romanum
669 2396 735 2439 non
762 2376 869 2438 minus
892 2375 1033 2439 cadendo
1061 2398 1156 2459 quam
1183 2375 1342 2439 caedendo
1368 2376 1425 2438 im-

287 2476 411 2558 perium
432 2476 618 2559 peperisse?
642 2475 785 2560 legiones
807 2464 933 2539 nostras
956 2498 1050 2560 saepe
1074 2484 1168 2541 victus
1182 2480 1354 2560 captasque
1377 2499 1425 2540 ar-

287 2582 363 2641 tibus
385 2577 591 2641 barbarorum
614 2576 706 2641 esse?
748 2574 898 2655 Quamvis
923 2628 930 2640 .
956 2627 963 2641 .
989 2628 996 2641 .
1022 2578 1052 2641 .⁶
1072 2581 1178 2641 truces
1206 2578 1291 2641 tauri
1319 2578 1425 2662 subigi

286 2678 449 2762 iungendo
472 2678 654 2761 domarique
676 2681 823 2761 potuere:
856 2700 1031 2762 praequam
1052 2680 1155 2743 nostri
1178 2679 1336 2743 exercitus
1357 2679 1424 2742 illi⁷

287 2780 346 2841 sub
368 2779 479 2863 iugum
501 2779 589 2842 missi
612 2782 701 2861 sunt,
725 2780 779 2843 sed
801 2780 927 2843 eosdem
947 2780 1029 2864 illos,
1059 2780 1112 2863 qui
1135 2780 1194 2843 sub
1219 2780 1331 2865 iugum
1354 2802 1425 2864 ege·

287 2883 377 2962 rant,
413 2879 508 2964 paulo
535 2884 608 2964 post
636 2884 710 2945 ante
740 2881 937 2965 triumphum
964 2882 1066 2945 nostri
1093 2903 1187 2966 egere
1222 2885 1254 2946 et
1282 2882 1425 2965 captivos

288 2983 346 3045 sub
370 3005 485 3046 corona
508 2984 686 3047 vendidere.

312 3062 325 3077 f
371 3083 449 3147 Post
486 3083 687 3148 Cannensem
727 3084 849 3149 cladem
888 3085 1013 3149 Poenus
1046 3087 1220 3168 imperator
1257 3084 1425 3148 anulorum

288 3206 464 3268 aureorum,
489 3208 566 3268 quos
583 3187 682 3250 caesis
705 3186 904 3269 aequitibus8
919 3185 1073 3249 Romanis
1088 3185 1189 3250 Poeni
1206 3188 1423 3267 detraxerant,

287 3290 352 3349 tres
374 3286 494 3348 modios
523 3286 697 3350 cumulatos
724 3287 811 3350 misit
839 3285 1068 3371 Carthaginem
1076 3300 1098 3350 ¹².
1144 3287 1206 3353 Sed
1233 3309 1298 3352 non
1324 3286 1424 3350 multo

253 3526 256 3534 ,
371 3489 388 3524 a
406 3475 439 3524 In
457 3477 583 3539 nzarpine:
602 3471 670 3525 Tres
682 3471 790 3526 modios
803 3471 949 3526 anulorum
961 3472 1115 3526 cumulatos
1128 3472 1267 3526 Hannibal
1280 3489 1424 3527 caesorum

287 3556 410 3624 equitum
428 3557 616 3610 Romanorum
635 3558 704 3626 aput
721 3555 942 3624 Thrasymenum
961 3555 1157 3626 Carthaginem
1176 3555 1258 3610 misit.

373 3727 475 3780 lHine
496 3743 583 3792 usque
606 3725 641 3779 ad
663 3726 746 3779 finem
771 3723 892 3794 paginae
920 3724 1016 3779 decem
1042 3742 1135 3779 versus
1161 3724 1277 3794 periere.
1317 3726 1424 3780 Reiecit

287 3811 460 3865 Heindorfius
479 3810 671 3879 supplementa
686 3808 764 3888 Maii,
783 3809 814 3861 ut
831 3807 913 3861 nimis
930 3808 1034 3877 inepta.
1064 3811 1162 3877 ltaque
1178 3808 1352 3878 ineptissima
1369 3809 1424 3864 sint

287 3911 399 3949 necesse
418 3895 468 3957 est,
488 3895 511 3946 si
529 3911 563 3948 ne
581 3894 684 3948 Fronto
704 3892 816 3960 quidem
834 3909 867 3946 ea
885 3892 1007 3947 seribere
1024 3892 1156 3960 potuerit.

371 3987 386 4033 2
405 3979 508 4049 Supple
526 3980 582 4032 fere
601 3996 685 4032 unum
702 3977 731 4030 in
748 3976 791 4046 his
809 3976 915 4031 lacunis
931 3993 1048 4031 versum.
1084 3982 1179 4032 Motus.

372 4071 387 4118 3
405 4062 505 4132 Incipit
523 4061 589 4117 Cod.
608 4080 634 4130 p.
654 4067 712 4128 221,
731 4063 857 4116 obscura.

370 4154 386 4201 4
404 4148 447 4202 Ita
464 4147 561 4201 Maius.
597 4145 708 4200 Amicus
725 4144 806 4217 vidit:
831 4151 874 4200 dei
883 4187 889 4199 .
899 4151 1036 4201 tiseendum
1052 4146 1097 4200 vel
1114 4167 1161 4200 uc.
1174 4187 1180 4200 .
1191 4152 1336 4201 tiseendum.

371 4232 448 4286 51ta
466 4231 566 4297 Codex,
585 4230 634 4284 sed
651 4231 814 4300 plerumque
833 4229 891 4284 sine
908 4251 935 4284 s:
953 4236 1102 4287 extiterunt.
1202 4242 1204 4246 ’

371 4320 386 4368 6
403 4315 529 4383 Legitur:
550 4312 703 4378 Quamvis.
724 4358 729 4368 .
751 4357 757 4368 .
776 4312 920 4368 IEACTCI
939 4356 945 4368 .
964 4313 1090 4368 RUGES.
1126 4314 1216 4368 Possis
1235 4332 1313 4369 sane:
1333 4320 1411 4380 Quam

288 4407 322 4453 ote
338 4405 416 4466 facite
429 4409 485 4453 astu
498 4410 589 4452 truces.
621 4397 676 4451 Sed
688 4398 769 4466 plura
788 4397 953 4466 corrigenda
970 4399 1115 4452 remanent
1133 4401 1161 4452 et
1180 4400 1244 4452 sunt
1261 4400 1290 4452 in
1307 4417 1422 4467 sequen-

286 4485 360 4538 tibus
383 4502 453 4552 quae
475 4484 504 4537 in
523 4482 623 4537 Codice
645 4499 701 4536 non
724 4483 842 4552 amplius
859 4482 916 4550 legi
936 4483 1058 4551 possunt.
1093 4481 1186 4536 Veluti
1203 4484 1362 4552 suspectum
1380 4485 1422 4537 est

287 4569 354 4621 illud
373 4574 462 4625 nostri.
497 4567 682 4621 Heindorfins:
714 4570 828 4631 Quantulo
849 4566 953 4620 viribus
976 4567 1082 4620 feroces
1105 4571 1173 4622 tauri
1193 4573 1276 4636 subigi
1296 4573 1421 4636 iungendo

287 4659 433 4721 doctorique
450 4664 571 4719 potuere;
590 4658 672 4705 nostrl
688 4657 817 4705 esereitus
836 4651 887 4704 cet.

372 4742 386 4788 7
405 4735 508 4789 Codex:
526 4742 574 4789 sili.

371 4819 447 4872 Sita
465 4817 564 4873 Coelen.
