3300 5950
600 785 739 840 LAUDES
762 786 1051 841 NEGLEGENTIAE.
1336 794 1399 857 215

259 957 406 1041 gentiae¹
431 957 516 1020 haud
538 957 704 1041 quisquam
726 978 921 1041 magnopere
937 958 1069 1021 insidias
1091 958 1187 1042 locat,
1212 961 1398 1025 existimans

260 1058 357 1121 etiarn
379 1058 448 1122 sine
470 1057 594 1122 insidiis
617 1080 741 1141 semper
764 1061 796 1123 et
817 1059 934 1142 ubique
957 1061 989 1123 et
1011 1059 1085 1122 ubi²
1107 1059 1207 1124 libeat
1225 1062 1398 1146 neglegen-

260 1162 325 1223 tem
347 1158 508 1222 hominem
530 1159 565 1222 in
579 1159 711 1242 proclivi
733 1160 802 1223 fore
823 1160 954 1224 fallere:
978 1161 1127 1224 adversus
1143 1162 1309 1246 diligentis
1326 1186 1398 1227 vero

260 1263 292 1324 et
315 1260 559 1343 circumspectos
582 1264 613 1325 et
639 1261 850 1325 exsultantis³
877 1261 989 1344 opibus
1015 1262 1144 1325 fraudes
1172 1266 1205 1326 et
1233 1264 1397 1348 captiones

260 1364 292 1425 et
313 1362 448 1425 insidiae
470 1363 635 1444 parantur.
680 1362 731 1426 Ita
753 1363 854 1426 ferme
877 1362 1084 1446 neglegentia
1106 1356 1291 1447 contemptu
1313 1368 1397 1429 tuta-

260 1465 340 1546 aure,
365 1464 533 1548 diligentia
556 1465 629 1526 astu
651 1456 886 1548 oppugnatura

343 1566 387 1630 Et
409 1564 522 1629 erratis
544 1553 751 1648 neglegentia
773 1565 868 1627 venia
883 1564 1026 1645 paratior
1041 1564 1134 1628 datur
1149 1567 1182 1628 et
1199 1566 1397 1631 benefactis⁵

258 1666 391 1750 gratiis6
413 1666 519 1750 gratia
541 1665 686 1728 habetur.
725 1664 809 1728 Nam
831 1667 958 1747 praeter
980 1665 1163 1747 opinionem
1185 1670 1314 1750 gratum
1336 1671 1395 1750 est,
1486 1751 1488 1754 Ι

259 1770 436 1831 ceterarum
463 1788 568 1830 rerum
595 1765 819 1849 indiligentem
845 1765 1055 1830 benefacere
1081 1767 1115 1830 in
1142 1768 1284 1849 tempore
1312 1768 1397 1832 haud

258 1867 447 1951 neglexisse.

342 1967 411 2031 Iam
425 1967 504 2031 illud
528 1989 546 2030 a
567 1968 670 2051 poetis
692 1967 857 2031 saeculum
879 1988 1010 2031 aureum
1031 1970 1250 2050 memoratum,
1275 1970 1311 2032 si·
1325 1991 1396 2033 cum

259 2068 367 2131 animo
389 2071 525 2152 rapotae,
549 2068 718 2153 intellegas
740 2068 967 2153 neglegentiae
990 2067 1151 2132 saeculum
1171 2069 1301 2151 fuisseb,
1326 2091 1397 2133 cum

259 2190 336 2253 ager
362 2168 569 2253 negl⁷lectus
596 2170 720 2233 fructus
748 2170 861 2233 uberes
888 2170 1001 2250 ferret,
1031 2170 1200 2253 omniaque
1226 2170 1397 2233 utensilia8

258 2270 504 2353 neglegentibus
530 2269 618 2333 nullo
645 2270 776 2354 negotio
805 2271 1033 2354 suppeditaret.
1078 2269 1176 2334 Hisce
1198 2271 1397 2354 argumentis

258 2370 465 2454 neglegentia
487 2371 570 2433 bono
592 2392 709 2454 genere
731 2375 820 2453 nata,
846 2372 913 2435 dis9
929 2374 1072 2453 accepta,
1102 2371 1301 2454 sapientibus
1326 2393 1397 2455 pro-

258 2472 344 2554 bata,
367 2471 521 2535 virtutum
547 2465 718 2555 particeps,
748 2472 967 2556 indulgentiae
988 2472 1154 2556 magistra,
1182 2474 1253 2537 tuta
1281 2473 1322 2535 ab
1348 2474 1396 2536 in-

257 2572 356 2655 sidiis,
381 2576 535 2656 grataque
558 2573 766 2655 benefactis,
796 2576 947 2638 excusata
966 2573 1103 2656 ingratis
1114 2575 1138 2613 ¹⁰
1161 2575 1254 2637 etad
1276 2576 1396 2657 postre-

257 2696 343 2737 mum
359 2694 454 2736 aurea
470 2672 659 2736 declaratur.
689 2674 829 2738 Mallet¹¹
846 2675 884 2738 de
900 2672 1081 2738 Favorini¹²
1097 2675 1199 2737 nostri
1221 2675 1396 2759 pigmentis

256 2775 322 2840 fuci
344 2774 491 2858 quisnam
514 2774 779 2858 appingeremus?
801 2774 901 2839 Licet.
925 2773 972 2838 Ut
993 2796 1135 2858 quaeque
1157 2774 1271 2838 mulier
1292 2776 1396 2859 magis

256 2876 338 2940 facie
359 2876 443 2939 freta
465 2878 523 2957 est,
546 2876 593 2938 ita
613 2875 741 2939 facilius
764 2879 870 2939 cutem
892 2878 925 2938 et
947 2875 1097 2958 capillum
1118 2876 1307 2959 neglegere,
1331 2876 1396 2959 ple·

163 2965 165 2969 ¹
256 2977 361 3061 risque
384 2979 502 3059 autem,
526 2979 562 3040 ut
584 2997 652 3040 sese
668 2998 864 3060 magnopere
880 2979 1046 3058 exornent,
1070 2976 1252 3041 diffidentia
1273 2978 1394 3060 formae

175 3116 181 3128 .
257 3077 443 3161 diligentiae
465 3077 643 3142 inlecebras
666 3078 804 3170 crearit

342 3264 358 3300 a
375 3251 409 3300 In
426 3250 550 3312 margine:
569 3244 763 3313 Negligentiae
781 3245 943 3313 contemptu
960 3275 993 3282 -
1011 3246 1197 3313 oppugnatur.

341 3332 359 3384 b
377 3335 410 3384 In
428 3335 552 3398 margine:
572 3328 717 3383 Saeculum
739 3329 807 3382 illud
825 3346 939 3383 aureum
962 3329 1102 3382 saeculum
1118 3329 1315 3397 neglegentiae
1333 3330 1393 3383 fuit.

342 3432 356 3468 c
375 3419 407 3468 In
424 3420 549 3481 rnorpine:
568 3412 729 3466 Diffidentia
750 3413 857 3467 formae
875 3411 1036 3481 diligentiae
1053 3412 1223 3467 inlecebram
1241 3413 1336 3467 creari.

256 3515 458 3524 ——-——-—-

342 3552 405 3605 lln
437 3549 539 3604 Codice
565 3550 608 3602 est
635 3547 838 3616 dittographia:
882 3553 1062 3616 neglegentiam
1094 3553 1173 3616 magis
1204 3553 1325 3616 periculis
1353 3553 1395 3602 ob·

257 3642 359 3691 noaiam
376 3655 431 3690 esse
450 3653 554 3703 nomque
573 3638 752 3702 neglegentiae.

340 3720 432 3774 2Im0
450 3725 496 3773 reti.
532 3723 706 3784 Heindorfius.

207 3853 209 3859 ,
340 3803 545 3872 3Sohopenus:
576 3804 739 3863 excubantis,
768 3800 829 3854 coll.
855 3800 957 3854 Lucan.
981 3800 1028 3854 IX.
1054 3806 1103 3854 909
1127 3802 1155 3854 et
1175 3800 1329 3875 Markland.
1358 3800 1394 3854 ad

256 3889 325 3943 Stat.
346 3887 410 3941 Silv.
429 3887 463 3940 II.
483 3891 506 3939 ἵ.
527 3892 584 3940 130.

340 3977 356 4024 4
373 3970 565 4024 Berolinenses
582 3969 699 4024 laudant
715 3968 786 4022 Non.
806 3974 830 4022 7.
850 3973 882 4022 70
899 3986 926 4036 p.
945 3973 994 4023 426
1012 3968 1040 4021 in
1058 3987 1082 4022 v.
1103 3979 1196 4022 tutone.

341 4062 356 4110 5
375 4053 480 4109 Codex:
503 4057 618 4118 desectis.

341 4144 357 4192 6
376 4136 415 4192 Cf.
434 4137 523 4192 Bentl.
543 4137 579 4191 ad
592 4135 702 4190 Terent.
715 4136 833 4204 Adelph.
846 4136 891 4189 IV.
905 4142 928 4190 7.
942 4142 983 4190 26.
994 4133 997 4136 ’
1008 4139 1197 4190 Beronicenses.
1220 4134 1392 4189 Eoksteiuius

258 4223 336 4279 addit
344 4222 458 4277 Ritschl.
465 4221 574 4289 Proleg.
588 4219 678 4275 Plaut.
690 4219 764 4273 Trin.
779 4237 805 4288 p.
814 4218 902 4274 CLXI.
916 4218 1162 4287 VerumHauptius
1171 4219 1278 4274 mavult
1284 4226 1393 4287 peritior.

342 4313 357 4361 7
374 4305 474 4375 Incipit
492 4304 557 4359 Cod.
575 4322 603 4374 p.
623 4309 681 4358 229.

341 4397 357 4446 8
376 4389 479 4444 Codext
497 4400 570 4442 utens
585 4394 635 4443 ille.

341 4482 357 4529 9
376 4473 441 4528 Cod.
461 4491 503 4541 pr.
521 4489 557 4526 m.
575 4478 638 4527 daie.

327 4566 358 4614 10
376 4555 501 4612 Correxit
519 4562 613 4611 erraa'e
630 4557 824 4611 Buttmannus.

327 4649 357 4696 11
376 4641 464 4695 Aliter
482 4640 621 4709 supplevit
637 4640 736 4707 Maius,
755 4641 804 4695 sed
821 4639 912 4709 spatia
930 4641 959 4695 et
970 4639 1089 4708 vestigia
1106 4654 1160 4693 non
1179 4639 1356 4708 respondent.

326 4733 356 4779 12
374 4725 447 4778 Num
464 4723 615 4778 Favorinus
627 4724 773 4779 Frontonis
790 4723 934 4779 familiaris
951 4725 1060 4779 ἀδόξων
1078 4724 1204 4793 scriptor,
1224 4723 1293 4778 Cell.
1305 4724 1390 4780 XXII.

259 4817 307 4867 12?
340 4811 384 4863 An
401 4807 494 4876 potius
513 4807 611 4875 aliquis
628 4807 847 4877 pigmentarius?
879 4811 977 4864 Maiae.
1011 4807 1075 4866 Vid.
1092 4807 1240 4863 Marresius
1258 4827 1285 4878 p.
1304 4815 1345 4863 42.
