3300 5950
636 764 684 815 AD
702 762 835 816 AMICOS
853 764 961 817 LIBER
978 765 1011 816 Π.

586 949 690 1015 vlll.
720 948 829 1015 Arrio
852 949 1064 1017 Antonino&

344 1087 513 1150 Gratulor²
540 1085 619 1148 milri
647 1084 802 1167 plerisque
835 1086 1015 1149 bominibus
1039 1135 1211 1149 ......
1219 1087 1322 1150 31111
1354 1138 1360 1151 .
1387 1138 1394 1151 .

261 1237 399 1252 .....
408 1187 420 1225 ‘¹
443 1209 511 1250 esse
533 1209 583 1249 me
606 1210 624 1249 a
645 1189 678 1249 11
700 1208 766 1250 non
793 1208 883 1249 secus
905 1208 1000 1270 quam
1026 1190 1192 1269 parentem
1222 1188 1394 1252 observari.

259 1290 306 1352 Eo
328 1290 375 1370 fit,
404 1292 441 1352 ut
463 1288 502 1352 ad
524 1310 574 1351 me
589 1288 760 1351 decurrant
775 1286 904 1369 plurimi
920 1288 974 1370 qui
989 1291 1079 1351 tuam
1095 1289 1235 1371 gratiam
1251 1289 1410 1371 cupiunts

259 1389 342 1465 Quos
364 1410 423 1473 ego
445 1411 511 1452 non
533 1393 652 1452 temere
680 1396 741 1451 nec
768 1389 837 1452 sine
865 1388 983 1451 dilectu
1005 1376 1108 1472 audio,
1132 1389 1188 1452 sed
1214 1391 1313 1473 probe
1342 1412 1395 1473 pe·

258 1491 400 1554 tentibus
434 1490 621 1573 suffragium
653 1510 759 1552 meum
785 1489 948 1572 impertio:
970 1481 1022 1552 xiis
1057 1511 1147 1572 vero,
1177 1491 1231 1573 qui
1264 1494 1397 1573 parum⁵

258 1578 356 1674 probe
378 1591 453 1673 quid
475 1613 494 1654 a
520 1594 553 1653 te
575 1591 782 1673 impetratum
810 1590 913 1654 velint
938 1590 1039 1672 esse⁶‚
1069 1592 1208 1674 denego:
1236 1594 1272 1654 ut
1300 1614 1318 1654 a
1344 1615 1395 1656 me

257 1693 362 1775 potius
384 1692 419 1754 ill
444 1743 450 1755 .
476 1743 483 1755 .
510 1742 515 1755 .
540 1682 715 1754 ERETUL
739 1742 771 1754 ..
798 1696 840 1761 Ol
868 1690 1071 1755 Baburiana⁷
1095 1691 1119 1755 C
1144 1742 1151 1755 .
1177 1742 1183 1755 .
1210 1742 1217 1754 .
1243 1692 1395 1759 ‚Omra

259 1791 429 1858 OENCSR
453 1843 460 1856 .
486 1844 492 1855 .
519 1844 525 1856 .
552 1843 558 1856 .
583 1792 701 1857 NSUA
725 1843 731 1855 .
758 1842 764 1854 .
791 1842 797 1854 .
823 1792 921 1855 SITA
945 1842 1181 1855 ........
1207 1814 1295 1857 caros
1317 1794 1396 1856 mihi

258 1894 342 1957 viros
365 1897 397 1957 et
418 1914 537 1977 magno
559 1915 654 1977 opere
675 1894 715 1955 iis
738 1893 868 1975 obsequi
892 1894 1027 1976 cupiam.
1062 1893 1144 1955 Item
1166 1897 1275 1957 tamen
1297 1906 1331 1957 ut
1354 1944 1361 1957 .
1387 1945 1394 1959 .

259 1993 525 2077 souprnfflln
549 2045 555 2058 .
579 1994 746 2077 potissima
774 1994 835 2056 sit⁹
868 1994 1009 2056 iustitiae
1042 1996 1115 2056 tuae
1148 1995 1230 2057 ratio
1257 2045 1263 2057 .
1290 2046 1296 2057 .
1323 2045 1329 2058 .
1356 1997 1397 2058 ,¹⁰

257 2098 331 2158 tuae
346 2094 538 2158 humanitati
558 2117 737 2179 congruens
752 2095 930 2174 videbatur,
955 2094 1146 2157 desiderium
1161 2094 1396 2159 Baburianae¹¹

174 2240 176 2250 ·
259 2196 543 2258 commendandum
572 2193 654 2282 [tibi]
685 2198 801 2279 recepi,
832 2199 864 2258 et
891 2216 987 2277 quam
1014 2216 1142 2277 possum
1168 2196 1397 2261 studiosissime

259 2297 443 2359 commendo
453 2296 478 2336 ¹²
502 2346 641 2359 .....
667 2318 733 2379 ego
748 2319 805 2379 per
830 2347 836 2360 .
863 2346 870 2358 .
895 2296 932 2358 de
961 2317 1054 2378 opere
1083 2297 1288 2360 extruenda.
1314 2348 1320 2360 .
1346 2320 1397 2361 ex-

257 2400 408 2460 tructum.
454 2396 662 2460 Videbatur.
689 2447 694 2459 .
719 2397 886 2479 dependi.
912 2447 919 2459 .
943 2397 1161 2479 pronuntiasti
1189 2398 1266 2481 quid
1292 2399 1332 2461 ad
1357 2449 1364 2462 .
1390 2451 1396 2463 .

257 2520 319 2580 quo
346 2495 479 2585 votlum]
506 2548 512 2561 .
539 2548 546 2560 .
571 2519 648 2581 agas
682 2498 764 2580 quod
801 2495 885 2583 [fuit]
920 2497 1112 2560 tradendum
1140 2492 1285 2582 superest
1313 2501 1396 2582 quod

258 2621 277 2661 a
298 2602 330 2661 te
355 2648 361 2661 .
388 2648 395 2662 .
419 2601 454 2662 in
476 2620 578 2682 pauca
602 2599 773 2661 conferam.
1445 2583 1458 2597 ’

343 2699 528 2764 Sententiae
549 2703 624 2763 tuae
640 2699 824 2762 Baburiana
839 2720 904 2762 non
920 2721 1020 2782 aequo
1043 2701 1150 2763 animo
1172 2701 1229 2764 sed>
1249 2706 1397 2785 prompto

259 2801 355 2863 etiam
378 2805 410 2864 et
431 2823 533 2884 paene
639 2801 666 2839 ¹³

343 2901 457 2976 unior
478 2903 579 2985 igitur
600 2899 757 2984 postulat,
788 2902 872 2995 quod
899 2900 959 2964 tibi
981 2923 1047 2964 non
1070 2890 1298 2991 ambitilosum]
1324 2925 1397 2967 oon-

316 3141 319 3143 *
344 3110 356 3156 1
376 3104 472 3158 Sermo
489 3103 518 3155 in
535 3104 588 3156 hac
607 3103 726 3172 epistola
742 3102 852 3156 videtur
869 3102 952 3156 fuisse
972 3102 1005 3156 de
1024 3103 1170 3172 redempto
1188 3105 1300 3173 publico
1314 3123 1397 3174 opere

258 3189 388 3256 quodam,
407 3189 482 3241 cuius
494 3189 588 3256 partes
606 3188 714 3255 aliquae
733 3187 769 3240 ad
786 3186 975 3240 Baburianam
991 3186 1178 3255 pertinebant.
1203 3187 1279 3257 Opus
1295 3189 1397 3258 impro-

259 3273 376 3326 baverat
392 3272 489 3324 Arrius
506 3270 670 3336 Antoninus,
689 3272 745 3336 aut,
763 3270 838 3346 quod
855 3288 911 3324 non
928 3270 1025 3324 fuisset
1036 3272 1163 3340 tempore
1181 3271 1331 3326 constituto
1349 3275 1397 3328 ab·

259 3356 386 3422 solutum,
404 3355 592 3409 Baburianam
609 3372 755 3408 usurarum
772 3355 904 3423 pensione
922 3354 1112 3409 damnaverat.
1148 3361 1308 3410 Niedutrr'us.

343 3445 358 3492 2
376 3440 500 3492 Primum
517 3439 632 3493 verbum
651 3456 684 3492 ex
702 3438 795 3491 Indice
814 3441 865 3503 est,
885 3439 929 3492 ubi
949 3440 1096 3507 praeterea
1111 3447 1256 3509 plerosque.

344 3532 359 3578 3
376 3523 545 3577 Exciderunt
562 3540 609 3576 1111
626 3523 745 3576 litterae.

344 3615 360 3661 4
377 3608 546 3661 Exciderunt
563 3610 619 3660 tres
638 3625 740 3661 versus.

343 3700 358 3746 5
376 3693 407 3744 ln
426 3691 526 3745 Codice
544 3691 724 3759 distinguitur
742 3691 871 3756 lanum
889 3691 977 3744 Maius
995 3704 1083 3744 utrum.

344 3777 451 3830 tDuas
474 3763 582 3830 litteras
605 3775 739 3844 supplevi.
775 3775 878 3828 Parum
900 3778 1028 3829 accurate
1051 3775 1079 3828 in
1102 3777 1155 3830 hac
1173 3777 1293 3847 epistola
1309 3779 1398 3831 trans—

259 3860 404 3934 scribenda
420 3860 508 3914 Maius
527 3861 652 3914 versatus
672 3865 719 3913 est.
756 3859 870 3912 Errores
894 3860 951 3913 eius
973 3875 1029 3913 non
1047 3859 1211 3915 adscribam.

345 3945 516 3999 7Baburiae
552 3943 658 3997 Plotiae
691 3945 782 3997 exstat
813 3944 946 4012 Tergeste
977 3943 1121 4012 inscriptio
1153 3946 1228 4014 apud
1263 3946 1395 4000 Murator.

262 4036 333 4083 1312.
358 4036 394 4082 10.
432 4032 540 4081 Maius..
674 4030 677 4035 ’

344 4119 360 4166 8
377 4112 478 4180 incipit
495 4110 560 4165 Cod.
579 4129 606 4180 p.
626 4116 688 4176 297,
708 4128 777 4178 quae
795 4130 852 4166 non
871 4112 972 4179 ubique
992 4111 1111 4166 conferri
1127 4113 1226 4181 potuit.

344 4203 359 4249 9
379 4195 443 4249 Cod.
463 4199 494 4249 ut
512 4195 658 4248 videbatur
674 4215 710 4247 su.
740 4193 840 4255 Cetera
857 4196 1019 4249 lacunarum
1037 4197 1128 4264 spatia
1146 4199 1275 4252 accurate
1293 4198 1395 4253 notavi.

329 4286 359 4333 10
378 4279 481 4349 Supple
503 4279 570 4333 duos
587 4295 688 4333 versus.
1143 4269 1146 4276 ¹

330 4371 358 4416 ll
378 4363 444 4417 Cod.
463 4363 669 4429 BABURANI,
687 4364 718 4416 ut
735 4362 889 4416 videbatur.

329 4453 360 4500 m
377 4447 447 4500 Exin
468 4447 497 4500 in
516 4446 615 4501 Codice
636 4464 723 4515 usque
746 4447 783 4501 ad
803 4447 924 4516 paginae
947 4449 1029 4501 finem
1046 4448 1145 4515 reliqui
1164 4450 1228 4502 sunt
1244 4465 1339 4503 versus
1357 4457 1398 4518 36,

261 4548 378 4598 quorum
395 4531 538 4585 minimam
555 4533 664 4600 partem
673 4532 774 4600 lagare
791 4530 877 4585 licuit.
914 4536 1009 4586 Maius.

330 4623 360 4670 13
379 4615 487 4669 Excidit
503 4633 573 4668 unus
591 4633 686 4669 versus
704 4617 733 4670 et
751 4615 815 4669 dim.

330 4707 359 4753 14
379 4699 529 4767 Sequentia
546 4716 645 4768 parum
663 4702 791 4755 accurate
804 4700 879 4768 apud
890 4700 1007 4764 Maium;
1026 4701 1169 4769 superiora
1181 4702 1274 4769 legere
1293 4702 1397 4756 amicus

260 4801 315 4837 non
333 4784 432 4866 potuit,
450 4800 500 4839 nec
519 4784 642 4837 contulit.
