3300 5950
274 774 337 836 216
525 769 560 822 Μ.
581 767 749 822 CORNELII
767 765 974 820 FltONTONlS
991 765 1168 840 EPISTULA

360 941 500 1023 Myrtum
522 938 702 1019 buxumque
725 938 893 1019 ceteraque
920 936 1051 999 tonsilia
1080 936 1211 1000 arbusta
1233 940 1329 1021 atque
1352 938 1413 1002 vir-

276 1040 367 1125 gulta
394 1061 516 1102 summa
544 1037 713 1121 diligentia
742 1039 773 1101 et
802 1036 907 1099 studio
935 1036 1021 1119 radi,
1050 1038 1167 1121 rigari,
1196 1038 1278 1103 comi
1308 1039 1412 1123 solita,

276 1140 364 1204 humi
393 1143 519 1222 reptare
542 1142 598 1202 aut
625 1138 742 1201 ibidem
769 1137 854 1201 haud
883 1137 994 1221 procul
1022 1160 1041 1200 a
1068 1138 1135 1201 solo
1164 1140 1332 1203 cacumina
1355 1141 1414 1203 eri·

276 1263 366 1325 gere:
407 1244 441 1304 at
475 1240 546 1303 illas
582 1240 728 1303 intonsas
761 1239 882 1303 abietes
915 1238 1149 1323 neglectasque
1178 1242 1285 1323 piceas
1319 1246 1439 1325 caput

277 1341 435 1410 aemulum
458 1340 596 1404 nubibus
618 1339 782 1404 addere¹².

360 1442 434 1505 Non
457 1463 554 1524 aeque
577 1440 747 1524 diligentes
770 1443 810 1504 ad
832 1442 1048 1525 quaerendum
1073 1442 1194 1506 victum
1216 1446 1249 1507 et
1272 1466 1414 1528 compar-

277 1543 412 1607 cendum
434 1542 539 1606 cibum
560 1542 668 1605 leones
695 1543 731 1604 ut
752 1542 902 1606 formicas
924 1564 1009 1624 csse,
1032 1544 1162 1607 texendi
1184 1566 1258 1608 vero
1281 1567 1416 1608 araneas

277 1643 494 1727 diligentiores
517 1664 587 1706 esse
614 1664 709 1725 quam
730 1641 925 1726 Penelopam
950 1643 1049 1707 ullam
1071 1645 1121 1707 vel
1144 1645 1413 1710 Andromacham.

277 1745 322 1808 Et
344 1744 474 1808 omnino
491 1744 640 1808 tenuibus
662 1743 803 1827 ingeniis
818 1746 851 1807 et
875 1793 1414 1811 .................

279 1895 524 1914 .........
534 1845 655 1929 12..
690 1845 934 1928 hoc..quas
969 1895 1009 1909 ..
1043 1868 1124 1909 neve
1156 1847 1196 1910 ob
1231 1897 1271 1911 ..
1304 1851 1416 1911 etva-

277 1947 412 2010 luntaris
439 1948 522 2030 quod
549 1947 599 2010 vel
626 1946 835 2029 praecipuum
860 1967 935 2009 vcro
957 1996 964 2011 .
989 1996 996 2010 .
1019 1947 1062 2010 tis
1090 1948 1248 2012 amicitias
1272 1964 1285 2012 ’.
1312 1998 1319 2011 .
1347 1949 1416 2011 dili-

277 2048 421 2132 gentiam
452 2048 613 2114 interdum
643 2094 1415 2114 ........................
1453 2037 1455 2042 ’

608 2149 724 2210 nerent
745 2147 819 2210 deos
844 2196 851 2210 .
877 2196 885 2209 .
909 2147 959 2211 cui
987 2169 1070 2211 res.
1095 2198 1102 2212 .
1126 2171 1193 2212 non
1221 2172 1260 2213 ex
1291 2173 1380 2234 pro.
1410 2212 1413 2215 ,
1443 2136 1445 2138 ’

278 2271 316 2312 ex
339 2271 389 2312 ser
413 2299 419 2312 .
446 2299 452 2312 .
477 2249 591 2331 Quota,
615 2270 669 2312 oro
691 2250 733 2330 te,
757 2248 862 2331 portio
883 2246 1078 2313 Lucullanae
1102 2300 1110 2313 .
1136 2300 1144 2314 .
1169 2250 1305 2316 Caesam
1320 2274 1417 2316 aureo

363 2604 380 2639 a
399 2590 431 2639 In
448 2591 572 2653 margine:
607 2584 735 2637 Intonsos
759 2582 867 2637 abietes
893 2586 978 2653 caput
999 2586 1138 2639 aemulum
1161 2586 1281 2640 nubibus
1303 2587 1414 2641 abdere.
1508 2590 1513 2603 ¹

279 2672 357 2737 (corr.
376 2690 427 2723 sec.
446 2690 485 2731 nu,
504 2689 561 2722 num
578 2688 619 2736 pr.
638 2689 668 2722 m.
688 2679 715 2721 ut
731 2673 832 2722 uidetur
848 2667 960 2722 addere.

366 2861 377 2907 l
396 2856 441 2907 Ita
458 2853 558 2908 Codex.
596 2852 635 2907 cf.
655 2870 760 2922 margo

363 2945 378 2992 ⁶2
397 2938 527 3006 Sequitur
544 2956 571 3007 p.
591 2943 652 3004 230,
676 2954 748 3006 quae
766 2934 822 3005 legi
840 2937 944 3005 nequit.
981 2937 1113 3007 Sequitur
1129 2957 1156 3009 p.
1174 2946 1237 3007 243,
1260 2940 1336 2995 cuius
1355 2959 1417 2996 con-

280 3023 349 3076 ditio
368 3042 423 3077 non
441 3025 483 3076 ost
500 3022 712 3077 multo‘melior.

363 3115 379 3161 3
398 3106 528 3174 Sequitur
546 3106 611 3161 cod.
631 3125 657 3176 p.
675 3113 734 3165 ⁴244.
