3300 5950
347 794 395 847 AD
413 792 542 847 VERUM
558 793 680 847 IMPER.
703 791 893 846 AURELIUM
911 790 1103 846 CAESAREM
1119 792 1228 846 LIBER
1245 792 1278 845 II.
1326 792 1385 857 131

241 988 391 1049 peccasse
413 987 464 1029 me
487 966 626 1029 sentina:
652 986 725 1028 mox
748 965 832 1049 quod
853 964 955 1028 tantis
977 964 1073 1028 terris
1096 964 1308 1047 disiunctum,
1332 964 1388 1048 qui

242 1072 274 1131 te
296 1070 331 1132 in
354 1068 491 1152 vestigio
514 1090 645 1132 exorare
667 1068 860 1152 potuissem,
889 1069 939 1130 tot
966 1068 1090 1131 interea
1118 1068 1282 1131 mensibus
1311 1067 1387 1130 dum

241 1193 328 1234 meas
351 1171 476 1234 litteras
500 1169 628 1253 accipis,
653 1170 728 1233 dum
751 1191 810 1254 ego
825 1172 899 1233 tuas
914 1170 1043 1253 recipi0‚
1069 1192 1144 1234 cura
1160 1168 1386 1233 discruciabor.

242 1272 388 1353 Adhibeo
416 1272 476 1335 tibi
505 1272 726 1355 deprecatores
752 1271 989 1335 humanitatem
1011 1272 1151 1355 ipsamb:
1183 1293 1260 1334 nam
1282 1274 1315 1334 et
1337 1271 1388 1335 de-

242 1376 385 1458 linquere
407 1373 584 1437 humanum
608 1378 672 1457 est,
698 1376 730 1437 et
755 1374 894 1438 hominis
920 1374 1058 1437 maxime
1081 1365 1279 1457 propriuml²
1302 1380 1388 1450 iquo-

619 1764 693 1830 lII.
727 1763 902 1845 Magistro
923 1763 1011 1829 Meo.

330 1950 468 1964 .....
496 1899 574 1986 llilli
608 1901 674 1963 suis
708 1899 824 1976 litteris
853 1900 1073 1965 subdiderunt.
1119 1899 1168 1963 Ea
1200 1922 1274 1964 vero
1308 1923 1389 1984 quae

243 2005 316 2085 post
337 2024 441 2065 meam
463 2001 696 2085 profectionem
718 2005 811 2087 gesta
834 2005 925 2087 sunt,
954 2024 992 2065 ex
1021 2001 1136 2065 litteris
1160 2004 1197 2064 a5
1218 2024 1269 2074 me
1291 2004 1405 2067 scrib?

242 2104 300 2187 tis,
326 2126 344 2167 a
366 2104 497 2187 negotio
521 2104 633 2187 cuique
661 2104 853 2188 praepositis
881 2104 1014 2168 ducibus
1039 2126 1221 2188 cognosces.
1267 2105 1389 2168 Earum

243 2206 437 2288 exemplaria
465 2204 634 2271 Sallustius
662 2208 786 2289 noster,
802 2242 803 2245 κ
817 2228 906 2270 nune
933 2205 1142 2289 Fulvianusss,
1173 2206 1272 2269 dabit.
1317 2206 1389 2291 Ego

243 2329 317 2371 vero
340 2311 376 2371 ut
398 2311 431 2371 et
454 2308 659 2371 consiliorum
680 2330 822 2372 meorum
843 2309 984 2371 rationes
1005 2329 1251 2372 commemorare
1273 2308 1387 2391 possis,

243 2431 330 2472 meas
353 2431 476 2493 quoque
491 2410 627 2492 litterae,
652 2410 766 2493 quibus
783 2410 935 2494 quidquid
951 2409 1127 2493 gerendum
1142 2413 1235 2492 esset,
1260 2409 1389 2473 demon-

126 2599 130 2605 ἱ
243 2513 381 2594 stratur,
406 2512 540 2575 mittam·
556 2512 626 2576 tibi.
673 2510 791 2586 Quodsi
819 2513 962 2596 picturas
986 2533 1109 2595 qnoque
1132 2513 1287 2606 quasdam
1310 2512 1389 2575 desi-

244 2614 412 2696 roraveras,
437 2614 556 2696 poteris
573 2636 591 2676 a
606 2612 762 2677 Fuluiano
785 2614 940 2697 accipere.
972 2612 1129 2697 Equidem
1152 2635 1214 2696 quo
1235 2614 1340 2697 magis
1356 2617 1388 2676 te

243 2716 334 2798 quasi
356 2716 391 2778 in
414 2737 481 2779 rem
503 2717 707 2798 praesentem
725 2699 930 2797 inducerem,
961 2715 1110 2778 mandavi
1135 2714 1244 2779 Cassio
1272 2714 1389 2778 Avidio

243 2816 421 2900 Martioque
443 2816 548 2880 Vero⁷
572 2818 816 2881 commentarios
839 2816 992 2900 quosdam
1017 2816 1097 2880 mihi
1119 2817 1279 2899 facerent,
1310 2838 1389 2899 quos

243 2918 303 2982 tibi
325 2919 462 3002 mittam,
487 2940 525 2982 ex
548 2920 660 3003 quibus
681 2920 731 2984 tu8
753 2939 857 2983 mores
878 2918 1044 2983 hominum
1059 2920 1092 2982 et
1107 2920 1257 2983 censum⁹
1280 2915 1389 2982 eoium

245 3042 427 3104 cognosces.
474 3020 593 3096 Quodsi
621 3043 672 3084 me
699 3042 823 3105 quoque
850 3021 937 3084 voles
963 3022 1101 3104 aliquem
1124 3011 1389 3084 commentarium

243 3121 359 3204 facere,
384 3123 519 3207 designa
540 3122 620 3185 mihi
643 3122 769 3206 qualem
791 3121 870 3186 velis
892 3122 1021 3204 faciam,
1046 3124 1078 3184 et
1092 3125 1129 3184 ut
1144 3122 1236 3186 iubes
1259 3122 1386 3186 faciam.

244 3222 374 3298 Quidvis
403 3225 488 3288 enim
516 3225 622 3288 subire
649 3227 780 3308 paratus
802 3246 890 3306 sum,
919 3224 994 3287 dum
1022 3225 1095 3286 ate
1117 3244 1167 3286 res
1189 3228 1319 3288 nostrae
1340 3225 1388 3287 in·

244 3325 421 3389 lustrentur
430 3326 464 3388 ¹⁰.
510 3325 611 3389 Plane
633 3348 700 3390 non
728 3324 958 3408 contempseris
981 3328 1013 3388 et
1042 3324 1202 3389 orationes
1230 3327 1270 3389 ad
1298 3347 1388 3389 sena-

247 3484 449 3491 —0--——.—-

329 3581 346 3617 a
365 3568 398 3619 Ia
415 3568 540 3632 marpine:
560 3561 634 3616 Satis
652 3579 807 3632 poenarum
824 3593 857 3600 —
876 3561 974 3615 sentio.

329 3648 347 3701 b
366 3653 399 3701 In
417 3653 545 3716 marpine:
568 3645 688 3700 Athibeo
706 3645 759 3700 tibi
777 3645 991 3715 depraedatores
1009 3677 1042 3684 -
1059 3645 1157 3714 ipsam.

330 3737 394 3785 ola
413 3740 460 3787 imo
478 3738 606 3800 rnarpine:
635 3730 756 3785 Athibeo
783 3731 837 3784 tibi
860 3732 1040 3800 praecatores
1061 3730 1266 3785 humanitatem
1289 3734 1388 3801 ipsam,

244 3833 309 3869 narn
327 3816 356 3869 et
373 3815 534 3883 delinquere
551 3816 704 3870 humanum
726 3818 769 3870 est
787 3818 816 3870 et
832 3815 978 3885 proprium
995 3815 1114 3869 hominis
1132 3815 1284 3884 ignoscere.

332 4011 343 4055 1
364 4001 430 4056 Cod.
448 4020 491 4071 pr.
510 4019 546 4055 m.
566 4007 705 4056 disiunctis.

314 4085 343 4140 v2
362 4085 471 4140 Desinit
487 4085 592 4140 folium.

329 4170 448 4226 3Addit
465 4170 562 4238 Maius,
583 4171 616 4225 cf.
636 4186 724 4239 marg.
822 4175 826 4183 '

329 4262 345 4307 4
362 4255 464 4324 Incipit
482 4255 549 4309 Cod.
568 4273 595 4324 p.
611 4260 669 4310 436.
693 4254 795 4308 Utrum
812 4256 883 4310 haec
901 4256 937 4310 sit
954 4273 1021 4326 pars
1038 4256 1232 4325 praecedentis
1251 4257 1387 4326 epistulae

245 4358 281 4392 an
299 4340 368 4393 alius
388 4340 513 4394 diversae
530 4341 667 4394 incertum
686 4341 736 4393 est.
772 4345 866 4395 Maius.

330 4423 440 4478 500εὴΙ
461 4431 502 4478 ad.
540 4429 699 4480 Niehulm'ur.

330 4512 345 4558 6
362 4506 406 4559 Ad
423 4506 587 4562 Fulviannm
605 4509 648 4561 est
666 4508 774 4578 epistol.
797 4514 828 4563 19
846 4508 894 4562 lib.
914 4508 935 4562 l.
954 4508 991 4562 ad
1008 4509 1127 4563 Amicos.

331 4596 345 4643 7
363 4590 470 4644 Horum
479 4591 582 4647 virtute
592 4593 698 4647 bellum
710 4594 866 4648 confectum
877 4595 927 4647 est.
942 4592 1100 4661 Capitolio.
1110 4593 1238 4648 inVer.c.
1247 4600 1270 4648 7.
1292 4598 1386 4651 Midea.

331 4673 642 4739 scoacum...

330 4766 345 4813 9
364 4760 407 4812 An
424 4778 530 4827 sensam,
548 4767 580 4814 nt
596 4762 692 4816 Horat.
712 4761 770 4818 Sat.
791 4769 813 4817 1.
834 4771 857 4818 3.
876 4769 926 4817 97?
961 4767 1136 4831 Heindorfius.

314 4850 345 4900 10
364 4842 431 4898 Cod.
449 4861 491 4912 pr.
509 4862 545 4898 m.
564 4851 743 4900 intersereretur.

1139 4931 1185 4995 9*
