3300 5950
632 798 681 852 AD
699 797 833 853 Amicos
851 799 959 853 LIBER
977 798 997 852 l.
1329 802 1389 865 173

243 969 420 1053 liatumque
442 970 548 1034 vellet.
593 969 755 1033 Paulatim
777 970 913 1052 denique
941 969 1002 1032 iste
1025 989 1093 1033 mos
1116 989 1304 1053 progressus
1327 972 1387 1052 est,

243 1074 280 1135 ut
296 1073 393 1136 etiam
409 1094 472 1155 eos,
496 1074 554 1154 qui
573 1071 701 1154 publico
716 1072 767 1135 vel
782 1071 909 1154 privato
931 1071 1048 1135 iudicio
1072 1071 1299 1153 disceptarent,
1322 1059 1389 1134 non

244 1174 353 1236 tamen
375 1173 511 1256 inproba
533 1194 583 1235 res
606 1172 766 1236 videretur
788 1171 948 1235 iudicibus
970 1172 1049 1255 ipsis
1072 1174 1128 1235 aut
1149 1172 1205 1255 iis,
1236 1173 1291 1255 qui
1315 1194 1388 1235 con-

245 1274 315 1337 silio
339 1275 497 1356 adessent,
523 1273 778 1337 commendare¹:
801 1294 868 1336 non
884 1274 1008 1355 opinor,
1032 1273 1073 1336 ad
1094 1273 1253 1337 iustitiam
1274 1260 1388 1337 iudicis

244 1374 503 1439 labefactandam
530 1376 581 1439 vel
603 1376 641 1439 de
663 1396 738 1438 vera
761 1374 925 1438 sententia
947 1373 1200 1457 deducendam&
1230 1374 1304 1437 sed3
1326 1376 1387 1437 iste

244 1477 278 1539 in
300 1478 379 1561 ipsis
401 1477 527 1541 iudiciis
555 1498 624 1540 mos
645 1477 846 1540 inveteratus
869 1478 954 1558 erat,
985 1497 1080 1539 causa
1101 1479 1251 1558 perorata
1279 1474 1387 1539 lauda-

243 1581 329 1641 tores
362 1578 528 1661 adhibere,
558 1579 612 1663 qui
635 1584 767 1657 quidde
789 1582 863 1640 reo⁴
886 1577 1127 1660 existimarent,
1159 1599 1218 1659 pro
1240 1599 1298 1640 sua
1320 1577 1386 1659 opi·

243 1680 340 1743 nione
364 1702 436 1744 cum
459 1681 520 1743 fide
543 1683 777 1763 expromerent.
809 1680 892 1743 Item
914 1680 996 1743 istae
1019 1679 1313 1744 commendantium
1335 1678 1386 1741 lit-

165 1809 166 1813 *
242 1784 330 1844 terae
362 1781 557 1845 laudationis
590 1802 721 1845 munere
749 1781 844 1865 fungi
878 1781 963 1844 visae
997 1783 1083 1843 sunt.
1136 1779 1293 1856 Quorsum
1325 1780 1387 1843 hoc

243 1885 311 1946 tam
333 1905 371 1946 ex
394 1882 459 1946 alto
481 1881 724 1965 prohoemium?
766 1881 817 1946 Ne
839 1903 890 1945 me
913 1881 1149 1946 existimasses⁵
1176 1904 1290 1964 parum
1313 1904 1386 1946 con-

244 1984 398 2046 siderasse
421 1984 615 2067 gravitatem
637 1983 923 2066 auctoritatemque
938 1985 1028 2047 tuam
1044 1983 1295 2047 commendando
1312 1982 1386 2047 Cor-

243 2084 392 2148 neliano6
414 2084 555 2168 Sulpicio
575 2084 935 2167 familiarissimomeo,
964 2086 1019 2167 qui
1045 2084 1229 2167 propediem
1258 2107 1386 2148 causam

244 2186 328 2269 apud
350 2208 405 2251 vos
428 2187 570 2250 dicturus
593 2191 651 2251 est.
684 2186 756 2270 Sed,
780 2190 816 2250 ut
838 2186 914 2269 dixi,
938 2185 1055 2249 veteris
1076 2186 1219 2249 instituti
1242 2186 1386 2269 exemplo

243 2290 460 2351 necessarium
486 2310 593 2352 meum
620 2288 751 2352 laudare
780 2289 866 2371 apud
892 2291 925 2351 te
953 2309 1048 2351 ausus
1076 2308 1154 2350 sum.
1204 2286 1386 2350 industrius

244 2390 291 2452 vir
314 2393 372 2472 est,
396 2393 564 2473 strenuuS,
588 2390 721 2474 ingenio
743 2389 844 2453 libero
866 2411 903 2453 ac
925 2388 1061 2471 liberali,
1085 2388 1209 2471 patriae
1232 2389 1385 2452 amantis·
1435 2398 1457 2421 V

243 2489 357 2572 simne,
391 2492 578 2555 innocentia
604 2492 708 2555 fretus
734 2492 839 2576 magis
866 2512 962 2576 quam
990 2489 1168 2572 confidens,
1203 2489 1386 2553 litterarum
1460 2529 1462 2533 ,

243 2593 348 2656 studio
371 2595 403 2656 et
424 2594 615 2678 bonaruml⁷
645 2593 768 2657 artium·
791 2592 954 2677 elegantia
976 2589 1055 2654 mihi
1077 2593 1318 2670 acceptissimus⁸
1343 2641 1349 2654 .
1376 2640 1383 2655 .

244 2744 251 2756 .
278 2744 284 2757 .
309 2696 413 2757 iussoa
437 2741 1383 2759 .............................

244 2794 1385 2876 ..................0...³'...iam..quicum

242 2895 346 2985 millii]
372 2948 377 2959 .
405 2948 411 2960 .
436 2898 652 2963 in¹⁰tercedit
689 2897 801 2982 Neque
823 2897 907 2960 forte
930 2899 986 2959 aut
1006 2900 1126 2960 temere
1148 2894 1384 2958 necessitudine

241 2999 304 3061 ista
327 3021 434 3061 sumus
458 3000 613 3082 copulati,
638 3021 698 3063 nec
714 2999 798 3062 ultro
819 3019 871 3060 me
894 2998 1069 3061 amicitiam
1084 2996 1305 3060 Korneliani¹¹
1331 2998 1383 3059 ad-

242 3099 360 3181 petisse
374 3100 478 3162 fateor
488 3100 522 3162 ¹².
553 3100 637 3163 Laus
654 3100 759 3163 adme
775 3099 813 3162 de‘
828 3099 961 3182 ingenio
983 3099 1051 3161 eius
1066 3098 1131 3160 iarn
1153 3097 1382 3180 pervaserat¹³,

243 3221 338 3283 quam
367 3221 475 3263 veram
504 3201 543 3263 ad
577 3222 669 3265 aures
701 3218 788 3266 meas
816 3199 970 3264 accidisse
999 3221 1059 3263 usu
1087 3199 1182 3262 didici
1211 3198 1383 3282 multisque

326 3437 343 3473 a
363 3424 394 3473 In
411 3427 536 3488 marpine:
566 3421 653 3488 Iussa,
670 3436 726 3474 non
743 3420 827 3488 iussu,
839 3420 911 3488 quia
927 3419 1074 3490 pluraliter
1091 3419 1135 3473 his
1151 3419 1231 3473 iussis
1249 3419 1323 3472 facit.

328 3580 340 3626 1
360 3573 532 3642 Sehopenus:
556 3593 602 3627 nec
619 3576 715 3628 tamen
732 3603 765 3612 -
783 3579 993 3629 commendarent.

326 3657 465 3712 20odex:
485 3664 660 3714 deducencom.
706 3647 709 3652 ’

325 3750 340 3797 3
359 3742 533 3812 Schopenus:
556 3744 652 3798 redut
669 3749 717 3797 iste
736 3773 767 3782 -
786 3753 976 3812 eapromerent‚
995 3749 1053 3797 item
1070 3748 1145 3797 ictae.

325 3833 342 3880 4
360 3826 465 3882 Codex:
484 3834 528 3897 qui
546 3869 551 3879 .
572 3870 578 3884 .
597 3868 604 3881 .
624 3868 631 3883 .
650 3869 657 3885 .
675 3847 731 3883 reo.
766 3827 891 3882 Schedae
909 3827 989 3882 Maii:
1009 3833 1132 3897 quidquid
1148 3846 1219 3896 erpo.

326 3910 435 3965 oCorr.
456 3918 632 3967 eaeislimassir.
669 3917 847 3980 Heindorfius.
1122 3984 1124 3986 ¹

326 4000 341 4047 6
358 3995 457 4049 Eidem
475 3995 518 4048 cui
535 3996 706 4065 Phrynichus
722 3996 847 4065 Eclogen
865 3996 1019 4065 inscripsit,
1038 3997 1114 4065 quod
1124 3991 1160 4048 'in
1178 3994 1382 4050 conscribendis

239 4078 446 4147 prolegomenis
464 4080 500 4133 ad
517 4079 648 4134 Photium
667 4096 728 4134 sero
746 4079 812 4134 vidi.
1138 4116 1141 4119 -

324 4168 339 4216 7
358 4162 488 4232 Sequitur
506 4163 571 4218 Cod.
590 4183 618 4235 p.
638 4170 696 4231 327,
714 4180 787 4232 quac
803 4164 888 4232 periit
906 4166 1023 4234 excepta
1034 4165 1116 4218 unica
1133 4163 1271 4217 sententia
1289 4166 1318 4216 et
1335 4162 1382 4216 ad-

240 4246 382 4302 notatione
400 4249 428 4301 in
446 4249 579 4319 margine.
617 4248 747 4318 Sequitur
769 4267 796 4317 p.
816 4254 875 4315 326,
898 4266 969 4317 quae
987 4250 1049 4302 tota
1067 4248 1230 4303 oblitterata
1248 4254 1298 4302 est.
1336 4246 1383 4300 Se·

241 4331 334 4398 quitur
353 4331 418 4386 Cod.
437 4351 465 4401 p.
485 4339 543 4388 325.

324 4422 340 4471 8
358 4415 504 4487 Supplevit
520 4417 704 4472 Heindorfius.

259 4504 264 4511 '
324 4507 340 4554 9
357 4500 504 4555 Perierunt
520 4503 578 4556 tres
595 4518 692 4556 versus
709 4500 789 4555 initio
806 4518 834 4570 p.
854 4507 911 4556 325.

308 4590 339 4639 10
356 4585 457 4654 Incipit
475 4587 589 4654 quartus
609 4603 713 4641 versus.

309 4675 337 4722 ll
357 4669 401 4722 Ita
417 4667 513 4723 Maius.
550 4671 662 4725 Amicus
675 4687 690 4725 e
704 4669 798 4724 codice
817 4668 954 4724 enotavit:
973 4673 1047 4722 amici
1059 4710 1149 4722 .....
1162 4668 1272 4723 NELIA
1285 4711 1312 4724 ..
1331 4669 1378 4737 Nl.

307 4760 338 4807 12
357 4754 400 4807 Ita
419 4753 524 4821 Codex,
542 4771 598 4809 non
613 4760 715 4823 sarcum
733 4754 858 4824 sequitur
875 4754 934 4821 NA,
952 4753 970 4808 i.
990 4770 1013 4807 c.
1032 4774 1102 4822 nam,
1121 4753 1171 4806 sed
1189 4769 1306 4808 erasum.

309 4845 339 4892 13
358 4837 463 4892 Codex·
491 4851 668 4908 apervaserat.
