3300 5950
284 791 345 858 190
495 790 531 845 Μ.
546 791 715 847 CORNELII
730 788 939 846 FRONTONIS
956 789 1211 846 EPISTULARUM

498 1048 567 1132 (M.
591 1052 862 1135 CORNELII
889 1051 1207 1134 ERONTONIS

540 1221 876 1295 EPISTULARUM
902 1222 968 1294 AD
994 1220 1165 1294 AMlCOS

704 1370 892 1435 uranu
928 1371 991 1457 11.)

602 1539 633 1604 Ι.
677 1539 867 1605 Volumqu
891 1539 1101 1627 Quadrato&

366 1676 529 1741 Secretum
558 1675 690 1739 servabo
718 1677 765 1739 ita
792 1678 829 1739 ut
850 1675 913 1740 vis:
950 1675 1057 1759 legam
1085 1675 1223 1738 libenter
1250 1676 1358 1758 ltaque
1386 1678 1422 1738 ut

282 1778 366 1841 soleo
395 1778 567 1861 corrigam,
602 1780 759 1861 quantum
790 1799 922 1859 manus,
956 1798 1037 1860 quae
1064 1776 1300 1840 infirmissimae
1333 1779 1420 1858 sunt,

281 1879 418 1943 tolerare
440 1882 603 1963 poterunt.
647 1878 698 1941 Ex
719 1881 793 1942 voto
816 1879 995 1943 studiorum
1017 1878 1159 1942 oultum²
1180 1881 1304 1960 teneto3
1328 1881 1370 1959 et,
1395 1878 1421 1939 si

282 1981 357 2063 quid
380 1981 472 2044 vacui
494 1981 647 2064 temporis
669 1981 772 2063 detur,
796 1980 972 2043 exercendo
994 1980 1126 2063 ingenio
1148 2001 1314 2062 occupare.

589 2149 642 2215 ΙΙ.
685 2148 875 2215 Volumnio
902 2148 1112 2236 Quadratm.

367 2285 561 2349 Castriciusa
583 2287 709 2348 noster‘¹
731 2283 875 2347 libellum
896 2287 988 2347 tuum
1009 2283 1089 2374 milri
1111 2283 1200 2347 heri⁵
1222 2273 1361 2347 reddidit
1383 2284 1421 2346 de

282 2386 398 2449 balneo
422 2386 599 2469 egredienti
607 2386 629 2468 θ,
652 2388 689 2449 ut
703 2408 798 2449 mane
814 2385 854 2448 ad
876 2407 926 2449 me
948 2385 1074 2449 veniret
1096 2385 1135 2447 ad
1157 2385 1349 2468 rescriptum
1372 2407 1421 2448 so·

284 2487 474 2569 oipiendum.
519 2486 581 2550 Per
602 2489 731 2550 noetem
752 2488 798 2550 ita
820 2490 953 2550 vexatus
976 2508 1046 2549 sum
1068 2486 1149 2549 tussi
1172 2488 1204 2549 et
1225 2486 1361 2570 vigiliis,
1386 2490 1422 2550 ut

282 2589 462 2652 necessario
484 2589 519 2651 in
541 2589 688 2672 quintam
710 2589 821 2651 horam
844 2588 1036 2651 dormierim.
1081 2589 1132 2652 Ita
1155 2587 1345 2653 Castricium
1366 2610 1421 2651 no-

283 2691 401 2754 strum⁷
425 2690 558 2753 detinui.
591 2689 816 2754 Ciceronianus
840 2688 1024 2752 emendatos
1047 2692 1080 2752 et
1095 2689 1303 2772 disl⁸tinotos
1326 2689 1422 2753 habe-

282 2792 347 2874 bis3
381 2792 549 2855 adnotatos
577 2814 596 2854 a
624 2813 675 2855 me
702 2790 790 2875 leges
817 2791 902 2873 ipse3
936 2790 971 2852 in
998 2789 1112 2874 volgus
1141 2790 1226 2853 euim
1255 2812 1308 2853 eos
1336 2792 1422 2854 exire

282 2914 379 2977 quare
401 2892 512 2976 nolim,
536 2892 695 2956 soribam9
718 2891 916 2977 diligentius,

367 3112 384 3149 a
402 3100 435 3148 Io
452 3102 576 3166 margine:
595 3097 731 3165 Repetite.

369 3238 381 3284 1
400 3231 518 3284 Additur
543 3231 572 3283 in
599 3230 725 3299 margine
748 3235 844 3299 Repe.
866 3273 871 3284 .
890 3230 907 3283 i.
928 3248 943 3284 e
961 3237 1088 3300 Repetite.
1125 3230 1232 3301 Nempe
1249 3233 1321 3286 hano
1338 3233 1422 3286 fuisse

282 3315 406 3385 suspicor
424 3314 578 3385 epistulam,
598 3314 674 3368 cuius
691 3313 783 3383 prima
799 3315 887 3368 verba
905 3315 1038 3383 distingui
1054 3316 1195 3382 nequeunt
1211 3316 1240 3368 in
1257 3315 1347 3370 indice
1358 3317 1422 3386 Epi-

282 3400 417 3454 stularum
435 3399 471 3452 ad
489 3399 576 3452 Pium.
596 3429 629 3437 —
646 3398 720 3451 Num
738 3399 781 3452 est
798 3397 844 3451 ille
862 3398 967 3452 iuvenis
986 3397 1155 3466 Quadratae,
1174 3401 1217 3453 oui
1234 3401 1342 3454 Marcus
1359 3418 1422 3470 par-

283 3486 341 3539 tem
360 3485 550 3537 maternorum
567 3483 704 3537 bonorum
716 3483 769 3537 sibi
782 3483 976 3538 obvenientem
986 3483 1120 3538 tradidit?
1144 3485 1290 3554 Capitolin.
1304 3485 1333 3538 in
1344 3485 1382 3539 M.
1396 3493 1419 3539 7.

282 3568 334 3621 Hie
353 3567 405 3621 etsi
423 3568 497 3637 apud
510 3567 592 3636 Capit
580 3567 697 3621 tolinum
714 3567 815 3622 dieitur
825 3573 964 3635 Mummius,
983 3568 1012 3621 in
1025 3568 1192 3636 quibusdam
1208 3570 1304 3623 tamen
1323 3570 1421 3623 codici-

282 3652 334 3705 bus
354 3653 396 3704 est
415 3656 556 3712 Monimou,
575 3652 649 3705 unde
666 3651 732 3706 licet
754 3654 871 3707 fortasse
890 3652 1050 3722 exsculpere
1072 3658 1225 3707 Volumnius.
1261 3659 1420 3708 Nieoubrius.

282 3736 364 3804 Apud
383 3735 569 3804 Capitolinum
587 3736 721 3790 Iordanus
740 3736 829 3791 edidit
848 3741 993 3806 Ummidium,
1011 3737 1095 3790 Peter
1112 3742 1250 3792 Mummius.

366 3819 792 3889 2811.1111111111.Η111111011111.

367 3911 382 3957 3
401 3903 515 3972 Supra
507 3921 563 3957 ram
582 3904 638 3957 dixi
655 3905 746 3975 repeti
762 3906 808 3960 hio
824 3908 882 3960 tres
900 3906 1043 3976 epistulae,
1062 3923 1133 3976 quae
1117 3844 1293 3961 exstarent
1311 3922 1421 3976 quoque

282 3987 310 4040 in
328 3988 401 4042 foliis
418 3988 455 4041 ad
472 3988 551 4041 Pium
558 4007 608 4058 ‚.p
628 3996 690 4056 340,
709 3997 770 4056 339,
788 3997 846 4045 338.
883 3990 992 4045 Addam
1010 3991 1100 4046 veriats
1117 3991 1249 4045 lectiones
1267 4009 1336 4059 quas
1353 3992 1421 4045 mihi

283 4072 385 4126 obtulit
402 4091 429 4141 p.
448 4080 506 4139 340,
524 4090 590 4127 nam
608 4073 679 4128 duae
697 4074 820 4143 reliquae
838 4076 952 4143 praeter
963 4076 1074 4130 unicam
1085 4074 1316 4130 adnotationem
1308 4093 1337 4128 m
1349 4093 1421 4130 mar-

283 4157 346 4224 gine
368 4173 480 4226 prorsus
504 4157 682 4214 oblitteratae
709 4159 779 4212 sunt.
819 4158 1008 4226 Epistularum
1033 4158 1109 4213 tituli
1134 4159 1163 4212 in
1189 4159 1262 4216 foliis
1284 4160 1320 4214 ad
1342 4160 1421 4213 Pium

283 4241 445 4309 simpliciter
463 4243 539 4294 sunt:
559 4245 700 4306 Quadrato.

366 4332 382 4378 4
401 4325 480 4379 Titus
498 4324 647 4382 Castricius
658 4327 754 4381 rhetor
772 4326 825 4381 fuit
843 4328 894 4381 sub
906 4329 1057 4383 HadrIano.
1086 4328 1155 4382 Gell.
1175 4328 1195 4380 Ι.
1215 4333 1243 4394 6;
1261 4329 1295 4382 ΙΙ.
1310 4335 1355 4396 27;
1373 4331 1419 4383 XI.

284 4416 328 4476 13;
346 4411 418 4464 XIII.
438 4417 478 4465 21.
517 4415 611 4470 Maius.

366 4502 381 4550 ὅ
400 4495 538 4549 Omissum
555 4515 583 4566 p.
602 4502 660 4552 292.

367 4586 382 4632 6
400 4581 468 4634 Tres
485 4581 596 4647 litterae
614 4581 747 4636 excidisse
764 4581 894 4635 videntur
911 4589 945 4651 p.'
957 4587 1015 4636 292.

367 4670 382 4717 7
401 4664 537 4718 Omissum
554 4685 581 4736 p.
601 4672 659 4721 292.

366 4755 382 4802 8
401 4747 531 4816 Sequitur
547 4769 575 4820 p.
595 4756 652 4805 291.

366 4840 382 4886 9
401 4832 467 4886 Cod.
485 4852 511 4902 p.
531 4842 592 4890 340:
610 4839 746 4889 scriberem
764 4841 800 4888 ad
816 4846 850 4893 te.
