<?xml version="1.0" encoding="UTF-8"?>
<!DOCTYPE html PUBLIC "-//W3C//DTD XHTML 1.0 Transitional//EN"
    "http://www.w3.org/TR/xhtml1/DTD/xhtml1-transitional.dtd">
<html xmlns="http://www.w3.org/1999/xhtml" xml:lang="en" lang="en">
 <head>
  <title>
</title>
<meta http-equiv="Content-Type" content="text/html;charset=utf-8" />
  <meta name='ocr-system' content='tesseract 3.04.00' />
  <meta name='ocr-capabilities' content='ocr_page ocr_carea ocr_par ocr_line ocrx_word'/>
</head>
<body>
  <div class='ocr_page' id='page_1' title='image "./mcorneliifronto01frongoog/mcorneliifronto01frongoog_0145.png"; bbox 0 0 3300 5950; ppageno 0'>
   <div class='ocr_carea' id='block_1_1' title="bbox 441 774 1409 862">
    <p class='ocr_par' dir='ltr' id='par_1_1' title="bbox 441 774 1409 862">
     <span class='ocr_line' id='line_1_1' title="bbox 441 774 1409 862; baseline 0.004 -34"><span class='ocrx_word' id='word_1_1' title='bbox 441 775 490 828; x_wconf 82' lang='lat' dir='ltr'>An</span> <span class='ocrx_word' id='word_1_2' title='bbox 508 774 730 833; x_wconf 82' lang='lat' dir='ltr'><strong>ANTONINUM</strong></span> <span class='ocrx_word' id='word_1_3' title='bbox 746 776 818 862; x_wconf 83' lang='lat' dir='ltr'><strong>IMP.</strong></span> <span class='ocrx_word' id='word_1_4' title='bbox 838 776 885 831; x_wconf 87' lang='grc' dir='ltr'>ΕΤ</span> <span class='ocrx_word' id='word_1_5' title='bbox 903 776 1055 831; x_wconf 81' lang='lat' dir='ltr'>INVIOEM</span> <span class='ocrx_word' id='word_1_6' title='bbox 1071 776 1180 831; x_wconf 83' lang='lat' dir='ltr'>LIBER</span> <span class='ocrx_word' id='word_1_7' title='bbox 1196 777 1230 830; x_wconf 92' lang='grc' dir='ltr'>ΙΙ.</span> <span class='ocrx_word' id='word_1_8' title='bbox 1348 778 1409 843; x_wconf 84' lang='lat'>105</span> 
     </span>
    </p>
   </div>
   <div class='ocr_carea' id='block_1_2' title="bbox 263 947 1409 1445">
    <p class='ocr_par' dir='ltr' id='par_1_2' title="bbox 263 947 1409 1445">
     <span class='ocr_line' id='line_1_2' title="bbox 263 947 1408 1034; baseline -0.001 -22"><span class='ocrx_word' id='word_1_9' title='bbox 263 948 347 1033; x_wconf 89' lang='lat' dir='ltr'>quod</span> <span class='ocrx_word' id='word_1_10' title='bbox 369 947 491 1032; x_wconf 83' lang='lat' dir='ltr'>legam,</span> <span class='ocrx_word' id='word_1_11' title='bbox 526 950 576 1034; x_wconf 75' lang='lat' dir='ltr'>rel</span> <span class='ocrx_word' id='word_1_12' title='bbox 602 953 694 1014; x_wconf 88' lang='lat' dir='ltr'>tuum</span> <span class='ocrx_word' id='word_1_13' title='bbox 716 951 790 1013; x_wconf 88' lang='lat' dir='ltr'>aut¹</span> <span class='ocrx_word' id='word_1_14' title='bbox 814 948 946 1014; x_wconf 76' lang='lat' dir='ltr'>Catonis</span> <span class='ocrx_word' id='word_1_15' title='bbox 974 948 1048 1012; x_wconf 85' lang='lat' dir='ltr'>aut²</span> <span class='ocrx_word' id='word_1_16' title='bbox 1071 948 1235 1013; x_wconf 79' lang='lat' dir='ltr'>Ciceronis</span> <span class='ocrx_word' id='word_1_17' title='bbox 1263 951 1319 1012; x_wconf 88' lang='lat' dir='ltr'>aut</span> <span class='ocrx_word' id='word_1_18' title='bbox 1341 948 1408 1015; x_wconf 77' lang='lat' dir='ltr'>Sal-</span> 
     </span>
     <span class='ocr_line' id='line_1_3' title="bbox 264 1050 1407 1148; baseline 0.003 -33"><span class='ocrx_word' id='word_1_19' title='bbox 264 1052 352 1148; x_wconf 78' lang='lat' dir='ltr'>lustii</span> <span class='ocrx_word' id='word_1_20' title='bbox 376 1055 431 1116; x_wconf 82' lang='lat' dir='ltr'>aut</span> <span class='ocrx_word' id='word_1_21' title='bbox 454 1052 593 1117; x_wconf 78' lang='lat' dir='ltr'>Gracchi</span> <span class='ocrx_word' id='word_1_22' title='bbox 616 1057 671 1117; x_wconf 87' lang='lat' dir='ltr'>aut</span> <span class='ocrx_word' id='word_1_23' title='bbox 693 1054 806 1137; x_wconf 88' lang='lat' dir='ltr'>poetae</span> <span class='ocrx_word' id='word_1_24' title='bbox 823 1050 973 1115; x_wconf 87' lang='lat' dir='ltr'>alicuius:</span> <span class='ocrx_word' id='word_1_25' title='bbox 996 1055 1101 1137; x_wconf 81' lang='grc' dir='ltr'>χρῄζω</span> <span class='ocrx_word' id='word_1_26' title='bbox 1124 1052 1185 1131; x_wconf 86' lang='grc' dir='ltr'>γὰρ</span> <span class='ocrx_word' id='word_1_27' title='bbox 1208 1051 1407 1136; x_wconf 79' lang='grc' dir='ltr'>ἀναπαύληε,</span> 
     </span>
     <span class='ocr_line' id='line_1_4' title="bbox 266 1147 1409 1241; baseline -0.003 -21"><span class='ocrx_word' id='word_1_28' title='bbox 266 1158 298 1220; x_wconf 92' lang='grc' dir='ltr'>εὴ</span> <span class='ocrx_word' id='word_1_29' title='bbox 319 1156 458 1219; x_wconf 82' lang='lat' dir='ltr'><strong>maxime</strong></span> <span class='ocrx_word' id='word_1_30' title='bbox 480 1155 541 1219; x_wconf 92' lang='lat' dir='ltr'>hoc</span> <span class='ocrx_word' id='word_1_31' title='bbox 568 1177 688 1241; x_wconf 80' lang='lat' dir='ltr'>genus,</span> <span class='ocrx_word' id='word_1_32' title='bbox 722 1176 803 1239; x_wconf 89' lang='lat' dir='ltr'>quae</span> <span class='ocrx_word' id='word_1_33' title='bbox 831 1176 882 1217; x_wconf 92' lang='lat' dir='ltr'>me</span> <span class='ocrx_word' id='word_1_34' title='bbox 910 1153 1006 1219; x_wconf 85' lang='lat' dir='ltr'>lectio</span> <span class='ocrx_word' id='word_1_35' title='bbox 1036 1153 1169 1217; x_wconf 86' lang='lat' dir='ltr'>extollat</span> <span class='ocrx_word' id='word_1_36' title='bbox 1197 1156 1229 1217; x_wconf 92' lang='lat' dir='ltr'>et</span> <span class='ocrx_word' id='word_1_37' title='bbox 1251 1147 1409 1217; x_wconf 89' lang='lat' dir='ltr'>diffundat</span> 
     </span>
     <span class='ocr_line' id='line_1_5' title="bbox 265 1255 1408 1340; baseline -0.004 -16"><span class='ocrx_word' id='word_1_38' title='bbox 265 1259 299 1324; x_wconf 84' lang='grc' dir='ltr'>ἐκ</span> <span class='ocrx_word' id='word_1_39' title='bbox 320 1264 386 1325; x_wconf 86' lang='grc' dir='ltr'>τῶν</span> <span class='ocrx_word' id='word_1_40' title='bbox 409 1264 643 1340; x_wconf 82' lang='grc' dir='ltr'>κατειληφυιῶν</span> <span class='ocrx_word' id='word_1_41' title='bbox 666 1258 860 1339; x_wconf 83' lang='grc' dir='ltr'>φροντίδων.</span> <span class='ocrx_word' id='word_1_42' title='bbox 904 1255 1014 1319; x_wconf 84' lang='lat' dir='ltr'>Etiam</span> <span class='ocrx_word' id='word_1_43' title='bbox 1037 1256 1064 1319; x_wconf 90' lang='lat' dir='ltr'>si</span> <span class='ocrx_word' id='word_1_44' title='bbox 1085 1256 1226 1320; x_wconf 88' lang='lat' dir='ltr'>Lucretii</span> <span class='ocrx_word' id='word_1_45' title='bbox 1249 1258 1305 1319; x_wconf 86' lang='lat' dir='ltr'>ant</span> <span class='ocrx_word' id='word_1_46' title='bbox 1319 1255 1408 1319; x_wconf 85' lang='lat' dir='ltr'>Enni</span> 
     </span>
     <span class='ocr_line' id='line_1_6' title="bbox 266 1358 1386 1445; baseline -0.002 -20"><span class='ocrx_word' id='word_1_47' title='bbox 266 1364 416 1445; x_wconf 85' lang='lat' dir='ltr'>excerpta</span> <span class='ocrx_word' id='word_1_48' title='bbox 438 1360 536 1424; x_wconf 87' lang='lat' dir='ltr'>habes</span> <span class='ocrx_word' id='word_1_49' title='bbox 559 1361 769 1441; x_wconf 84' lang='grc' dir='ltr'>εὔφωνα...</span> <span class='ocrx_word' id='word_1_50' title='bbox 792 1359 892 1444; x_wconf 59' lang='lat' dir='ltr'>impu,</span> <span class='ocrx_word' id='word_1_51' title='bbox 915 1361 948 1422; x_wconf 88' lang='lat' dir='ltr'>et</span> <span class='ocrx_word' id='word_1_52' title='bbox 969 1358 1071 1423; x_wconf 78' lang='lat' dir='ltr'>sicubi</span> <span class='ocrx_word' id='word_1_53' title='bbox 1094 1360 1192 1438; x_wconf 71' lang='grc' dir='ltr'>ἤθους</span> <span class='ocrx_word' id='word_1_54' title='bbox 1215 1359 1386 1440; x_wconf 77' lang='grc' dir='ltr'>ἐμφάεειε.1</span> 
     </span>
    </p>
   </div>
   <div class='ocr_carea' id='block_1_3' title="bbox 429 1526 1249 1621">
    <p class='ocr_par' dir='ltr' id='par_1_3' title="bbox 429 1526 1249 1621">
     <span class='ocr_line' id='line_1_7' title="bbox 429 1526 1249 1621; baseline -0.002 -26"><span class='ocrx_word' id='word_1_55' title='bbox 429 1531 481 1596; x_wconf 93' lang='grc' dir='ltr'>ΙΙ.</span> <span class='ocrx_word' id='word_1_56' title='bbox 512 1530 663 1621; x_wconf 82' lang='lat' dir='ltr'>Domino</span> <span class='ocrx_word' id='word_1_57' title='bbox 685 1530 761 1598; x_wconf 83' lang='lat' dir='ltr'>Meu</span> <span class='ocrx_word' id='word_1_58' title='bbox 782 1527 965 1617; x_wconf 71' lang='lat' dir='ltr'>Antonino</span> <span class='ocrx_word' id='word_1_59' title='bbox 987 1526 1078 1610; x_wconf 81' lang='lat' dir='ltr'>Aug.</span> <span class='ocrx_word' id='word_1_60' title='bbox 1101 1528 1249 1595; x_wconf 81' lang='lat' dir='ltr'><strong>Fronto.</strong></span> 
     </span>
    </p>
   </div>
   <div class='ocr_carea' id='block_1_4' title="bbox 265 1647 1410 1941">
    <p class='ocr_par' dir='ltr' id='par_1_4' title="bbox 265 1647 1410 1941">
     <span class='ocr_line' id='line_1_8' title="bbox 349 1647 1410 1735; baseline -0.005 -19"><span class='ocrx_word' id='word_1_61' title='bbox 349 1650 399 1716; x_wconf 90' lang='lat' dir='ltr'>Ne</span> <span class='ocrx_word' id='word_1_62' title='bbox 422 1672 482 1735; x_wconf 84' lang='lat' dir='ltr'>ego</span> <span class='ocrx_word' id='word_1_63' title='bbox 504 1653 577 1734; x_wconf 87' lang='lat' dir='ltr'>post</span> <span class='ocrx_word' id='word_1_64' title='bbox 598 1650 743 1715; x_wconf 87' lang='lat' dir='ltr'>homines</span> <span class='ocrx_word' id='word_1_65' title='bbox 765 1652 859 1713; x_wconf 85' lang='lat' dir='ltr'>natus</span> <span class='ocrx_word' id='word_1_66' title='bbox 882 1652 914 1713; x_wconf 98' lang='grc' dir='ltr'>εὴ</span> <span class='ocrx_word' id='word_1_67' title='bbox 935 1649 1058 1714; x_wconf 80' lang='lat' dir='ltr'>locutus</span> <span class='ocrx_word' id='word_1_68' title='bbox 1085 1647 1227 1712; x_wconf 87' lang='lat' dir='ltr'>omnium</span> <span class='ocrx_word' id='word_1_69' title='bbox 1249 1648 1410 1712; x_wconf 85' lang='lat' dir='ltr'>facundis-</span> 
     </span>
     <span class='ocr_line' id='line_1_9' title="bbox 266 1750 1410 1837; baseline -0.003 -20"><span class='ocrx_word' id='word_1_70' title='bbox 266 1752 363 1817; x_wconf 87' lang='lat' dir='ltr'>simus</span> <span class='ocrx_word' id='word_1_71' title='bbox 385 1752 523 1837; x_wconf 83' lang='lat' dir='ltr'>habear,</span> <span class='ocrx_word' id='word_1_72' title='bbox 554 1775 627 1817; x_wconf 87' lang='lat' dir='ltr'>cum</span> <span class='ocrx_word' id='word_1_73' title='bbox 648 1756 685 1817; x_wconf 88' lang='lat' dir='ltr'>tu</span> <span class='ocrx_word' id='word_1_74' title='bbox 702 1752 747 1819; x_wconf 91' lang='lat' dir='ltr'>M.</span> <span class='ocrx_word' id='word_1_75' title='bbox 763 1751 876 1816; x_wconf 86' lang='lat' dir='ltr'>Aureli</span> <span class='ocrx_word' id='word_1_76' title='bbox 903 1773 975 1816; x_wconf 89' lang='lat' dir='ltr'>mea</span> <span class='ocrx_word' id='word_1_77' title='bbox 996 1751 1117 1835; x_wconf 86' lang='lat' dir='ltr'>scripta</span> <span class='ocrx_word' id='word_1_78' title='bbox 1137 1750 1264 1815; x_wconf 88' lang='lat' dir='ltr'>lectitas</span> <span class='ocrx_word' id='word_1_79' title='bbox 1288 1753 1320 1814; x_wconf 96' lang='grc' dir='ltr'>εὴ</span> <span class='ocrx_word' id='word_1_80' title='bbox 1339 1771 1410 1834; x_wconf 87' lang='lat' dir='ltr'>prc-</span> 
     </span>
     <span class='ocr_line' id='line_1_10' title="bbox 265 1853 1410 1941; baseline -0.002 -23"><span class='ocrx_word' id='word_1_81' title='bbox 265 1855 322 1919; x_wconf 88' lang='lat' dir='ltr'>bas</span> <span class='ocrx_word' id='word_1_82' title='bbox 346 1855 371 1941; x_wconf 67' lang='lat'>1⁴</span> <span class='ocrx_word' id='word_1_83' title='bbox 395 1859 428 1919; x_wconf 90' lang='lat' dir='ltr'>et</span> <span class='ocrx_word' id='word_1_84' title='bbox 448 1854 605 1919; x_wconf 85' lang='lat' dir='ltr'>lucrativa</span> <span class='ocrx_word' id='word_1_85' title='bbox 627 1858 684 1919; x_wconf 90' lang='lat' dir='ltr'>tua</span> <span class='ocrx_word' id='word_1_86' title='bbox 704 1855 740 1919; x_wconf 88' lang='lat' dir='ltr'>in</span> <span class='ocrx_word' id='word_1_87' title='bbox 762 1855 863 1919; x_wconf 88' lang='lat' dir='ltr'>tantis</span> <span class='ocrx_word' id='word_1_88' title='bbox 891 1853 1031 1939; x_wconf 87' lang='lat' dir='ltr'>negotiis</span> <span class='ocrx_word' id='word_1_89' title='bbox 1063 1856 1208 1937; x_wconf 86' lang='lat' dir='ltr'>tempora</span> <span class='ocrx_word' id='word_1_90' title='bbox 1233 1853 1313 1915; x_wconf 90' lang='lat' dir='ltr'>meis</span> <span class='ocrx_word' id='word_1_91' title='bbox 1335 1874 1410 1936; x_wconf 88' lang='lat' dir='ltr'>quc-</span> 
     </span>
    </p>
   </div>
   <div class='ocr_carea' id='block_1_5' title="bbox 266 1954 1526 2041">
    <p class='ocr_par' dir='ltr' id='par_1_5' title="bbox 266 1954 1526 2041">
     <span class='ocr_line' id='line_1_11' title="bbox 266 1954 1526 2041; baseline -0.001 -21"><span class='ocrx_word' id='word_1_92' title='bbox 266 1979 327 2041; x_wconf 86' lang='lat' dir='ltr'>que</span> <span class='ocrx_word' id='word_1_93' title='bbox 348 1957 547 2021; x_wconf 85' lang='lat' dir='ltr'>orationibus</span> <span class='ocrx_word' id='word_1_94' title='bbox 568 1957 714 2041; x_wconf 84' lang='lat' dir='ltr'>legendis</span> <span class='ocrx_word' id='word_1_95' title='bbox 736 1978 893 2041; x_wconf 87' lang='lat' dir='ltr'>occupare</span> <span class='ocrx_word' id='word_1_96' title='bbox 920 1977 988 2021; x_wconf 88' lang='lat' dir='ltr'>non</span> <span class='ocrx_word' id='word_1_97' title='bbox 1014 1955 1129 2020; x_wconf 87' lang='lat' dir='ltr'>inutile</span> <span class='ocrx_word' id='word_1_98' title='bbox 1154 1955 1215 2019; x_wconf 91' lang='lat' dir='ltr'>tibi</span> <span class='ocrx_word' id='word_1_99' title='bbox 1244 1954 1410 2019; x_wconf 89' lang='lat' dir='ltr'>arbitraris</span> <span class='ocrx_word' id='word_1_100' title='bbox 1445 1983 1447 1986; x_wconf 91' lang='grc'><em>·</em></span> <span class='ocrx_word' id='word_1_101' title='bbox 1522 2003 1526 2007; x_wconf 75' lang='lat'><em>,</em></span> 
     </span>
    </p>
   </div>
   <div class='ocr_carea' id='block_1_6' title="bbox 266 2060 1411 2655">
    <p class='ocr_par' dir='ltr' id='par_1_6' title="bbox 266 2060 594 2124">
     <span class='ocr_line' id='line_1_12' title="bbox 266 2060 594 2124; baseline -0.006 0"><span class='ocrx_word' id='word_1_102' title='bbox 266 2082 327 2124; x_wconf 87' lang='lat' dir='ltr'>nec</span> <span class='ocrx_word' id='word_1_103' title='bbox 348 2060 594 2123; x_wconf 87' lang='lat' dir='ltr'>infructuosum.</span> 
     </span>
    </p>

    <p class='ocr_par' dir='ltr' id='par_1_7' title="bbox 266 2158 1411 2655">
     <span class='ocr_line' id='line_1_13' title="bbox 352 2158 1409 2245; baseline -0.001 -21"><span class='ocrx_word' id='word_1_104' title='bbox 352 2159 443 2236; x_wconf 78' lang='lat' dir='ltr'>Quod</span> <span class='ocrx_word' id='word_1_105' title='bbox 465 2162 531 2225; x_wconf 87' lang='lat' dir='ltr'>sive</span> <span class='ocrx_word' id='word_1_106' title='bbox 554 2182 661 2226; x_wconf 87' lang='lat' dir='ltr'>amore</span> <span class='ocrx_word' id='word_1_107' title='bbox 683 2161 835 2225; x_wconf 87' lang='lat' dir='ltr'>inductus</span> <span class='ocrx_word' id='word_1_108' title='bbox 863 2161 961 2224; x_wconf 86' lang='lat' dir='ltr'>etiam</span> <span class='ocrx_word' id='word_1_109' title='bbox 982 2160 1115 2245; x_wconf 86' lang='lat' dir='ltr'>ingenio</span> <span class='ocrx_word' id='word_1_110' title='bbox 1137 2159 1207 2223; x_wconf 88' lang='lat' dir='ltr'>meo</span> <span class='ocrx_word' id='word_1_111' title='bbox 1230 2158 1409 2242; x_wconf 82' lang='lat' dir='ltr'>delectaris,</span> 
     </span>
     <span class='ocr_line' id='line_1_14' title="bbox 266 2262 1411 2346; baseline -0.002 -19"><span class='ocrx_word' id='word_1_112' title='bbox 266 2263 468 2327; x_wconf 89' lang='lat' dir='ltr'>beatissimus</span> <span class='ocrx_word' id='word_1_113' title='bbox 491 2262 637 2346; x_wconf 89' lang='lat' dir='ltr'>equidem</span> <span class='ocrx_word' id='word_1_114' title='bbox 659 2285 744 2345; x_wconf 86' lang='lat' dir='ltr'>sum,</span> <span class='ocrx_word' id='word_1_115' title='bbox 775 2263 859 2346; x_wconf 90' lang='lat' dir='ltr'>quod</span> <span class='ocrx_word' id='word_1_116' title='bbox 881 2263 942 2326; x_wconf 89' lang='lat' dir='ltr'>tibi</span> <span class='ocrx_word' id='word_1_117' title='bbox 963 2266 1032 2326; x_wconf 89' lang='lat' dir='ltr'>tam</span> <span class='ocrx_word' id='word_1_118' title='bbox 1054 2284 1124 2326; x_wconf 92' lang='lat' dir='ltr'>sum</span> <span class='ocrx_word' id='word_1_119' title='bbox 1147 2283 1254 2345; x_wconf 82' lang='lat' dir='ltr'>carus,</span> <span class='ocrx_word' id='word_1_120' title='bbox 1284 2264 1320 2325; x_wconf 94' lang='lat' dir='ltr'>ut</span> <span class='ocrx_word' id='word_1_121' title='bbox 1343 2284 1411 2325; x_wconf 87' lang='lat' dir='ltr'>csse</span> 
     </span>
     <span class='ocr_line' id='line_1_15' title="bbox 267 2362 1411 2448; baseline -0.003 -18"><span class='ocrx_word' id='word_1_122' title='bbox 267 2366 376 2430; x_wconf 86' lang='lat' dir='ltr'>videar</span> <span class='ocrx_word' id='word_1_123' title='bbox 405 2366 503 2429; x_wconf 89' lang='lat' dir='ltr'>etiam</span> <span class='ocrx_word' id='word_1_124' title='bbox 532 2366 684 2430; x_wconf 84' lang='lat' dir='ltr'>disertus:</span> <span class='ocrx_word' id='word_1_125' title='bbox 718 2364 784 2429; x_wconf 86' lang='lat' dir='ltr'>sive</span> <span class='ocrx_word' id='word_1_126' title='bbox 811 2365 859 2428; x_wconf 90' lang='lat' dir='ltr'>ita</span> <span class='ocrx_word' id='word_1_127' title='bbox 887 2386 997 2429; x_wconf 85' lang='lat' dir='ltr'>censes</span> <span class='ocrx_word' id='word_1_128' title='bbox 1025 2367 1120 2448; x_wconf 88' lang='lat' dir='ltr'>atque</span> <span class='ocrx_word' id='word_1_129' title='bbox 1148 2365 1195 2427; x_wconf 86' lang='lat' dir='ltr'>ita</span> <span class='ocrx_word' id='word_1_130' title='bbox 1216 2362 1334 2427; x_wconf 85' lang='lat' dir='ltr'>iudicio</span> <span class='ocrx_word' id='word_1_131' title='bbox 1356 2367 1411 2427; x_wconf 89' lang='lat' dir='ltr'>tu0</span> 
     </span>
     <span class='ocr_line' id='line_1_16' title="bbox 267 2465 1411 2551; baseline -0.002 -19"><span class='ocrx_word' id='word_1_132' title='bbox 267 2471 299 2532; x_wconf 93' lang='lat' dir='ltr'>et</span> <span class='ocrx_word' id='word_1_133' title='bbox 321 2468 420 2532; x_wconf 92' lang='lat' dir='ltr'>animi</span> <span class='ocrx_word' id='word_1_134' title='bbox 443 2468 605 2532; x_wconf 86' lang='lat' dir='ltr'>sententia</span> <span class='ocrx_word' id='word_1_135' title='bbox 627 2468 787 2550; x_wconf 78' lang='lat' dir='ltr'>decernis,</span> <span class='ocrx_word' id='word_1_136' title='bbox 824 2466 905 2531; x_wconf 90' lang='lat' dir='ltr'>mihi</span> <span class='ocrx_word' id='word_1_137' title='bbox 932 2489 1055 2551; x_wconf 89' lang='lat' dir='ltr'>quoque</span> <span class='ocrx_word' id='word_1_138' title='bbox 1084 2466 1148 2530; x_wconf 92' lang='lat' dir='ltr'>iam</span> <span class='ocrx_word' id='word_1_139' title='bbox 1176 2465 1313 2529; x_wconf 86' lang='lat' dir='ltr'>disertus</span> <span class='ocrx_word' id='word_1_140' title='bbox 1342 2466 1411 2530; x_wconf 88' lang='lat' dir='ltr'>iure</span> 
     </span>
     <span class='ocr_line' id='line_1_17' title="bbox 267 2570 808 2655; baseline -0.002 -21"><span class='ocrx_word' id='word_1_141' title='bbox 267 2571 408 2653; x_wconf 82' lang='lat' dir='ltr'>videbor,</span> <span class='ocrx_word' id='word_1_142' title='bbox 432 2571 584 2655; x_wconf 89' lang='lat' dir='ltr'>quoniam</span> <span class='ocrx_word' id='word_1_143' title='bbox 606 2570 715 2635; x_wconf 86' lang='lat' dir='ltr'>videar</span> <span class='ocrx_word' id='word_1_144' title='bbox 737 2570 808 2634; x_wconf 89' lang='lat' dir='ltr'>tibi.</span> 
     </span>
    </p>
   </div>
   <div class='ocr_carea' id='block_1_7' title="bbox 352 2670 1520 2765">
    <p class='ocr_par' dir='ltr' id='par_1_8' title="bbox 352 2670 1520 2765">
     <span class='ocr_line' id='line_1_18' title="bbox 352 2670 1520 2765; baseline -0.001 -29"><span class='ocrx_word' id='word_1_145' title='bbox 352 2671 442 2748; x_wconf 79' lang='lat' dir='ltr'>Quod</span> <span class='ocrx_word' id='word_1_146' title='bbox 464 2694 538 2737; x_wconf 89' lang='lat' dir='ltr'>vero</span> <span class='ocrx_word' id='word_1_147' title='bbox 560 2672 662 2760; x_wconf 88' lang='lat' dir='ltr'>patris</span> <span class='ocrx_word' id='word_1_148' title='bbox 684 2672 732 2736; x_wconf 90' lang='lat' dir='ltr'>tui</span> <span class='ocrx_word' id='word_1_149' title='bbox 754 2672 864 2736; x_wconf 92' lang='lat' dir='ltr'>laudes</span> <span class='ocrx_word' id='word_1_150' title='bbox 888 2693 972 2735; x_wconf 86' lang='lat' dir='ltr'>ame</span> <span class='ocrx_word' id='word_1_151' title='bbox 994 2672 1029 2735; x_wconf 92' lang='lat' dir='ltr'>in</span> <span class='ocrx_word' id='word_1_152' title='bbox 1051 2673 1167 2735; x_wconf 89' lang='lat' dir='ltr'>senatu</span> <span class='ocrx_word' id='word_1_153' title='bbox 1188 2670 1356 2755; x_wconf 83' lang='lat' dir='ltr'>designato</span> <span class='ocrx_word' id='word_1_154' title='bbox 1379 2674 1412 2735; x_wconf 90' lang='lat' dir='ltr'>et</span> <span class='ocrx_word' id='word_1_155' title='bbox 1512 2759 1520 2765; x_wconf 86' lang='lat'><em>.</em></span> 
     </span>
    </p>
   </div>
   <div class='ocr_carea' id='block_1_8' title="bbox 219 2772 1411 3880">
    <p class='ocr_par' dir='ltr' id='par_1_9' title="bbox 219 2772 1411 3063">
     <span class='ocr_line' id='line_1_19' title="bbox 219 2772 1410 2858; baseline -0.001 -20"><span class='ocrx_word' id='word_1_156' title='bbox 219 2817 221 2821; x_wconf 93' lang='lat'>-</span> <span class='ocrx_word' id='word_1_157' title='bbox 266 2775 348 2838; x_wconf 89' lang='lat' dir='ltr'>inito</span> <span class='ocrx_word' id='word_1_158' title='bbox 371 2775 539 2839; x_wconf 88' lang='lat' dir='ltr'>consulatu</span> <span class='ocrx_word' id='word_1_159' title='bbox 566 2796 637 2839; x_wconf 86' lang='lat' dir='ltr'>mec</span> <span class='ocrx_word' id='word_1_160' title='bbox 665 2774 789 2839; x_wconf 85' lang='lat' dir='ltr'>dictas⁵</span> <span class='ocrx_word' id='word_1_161' title='bbox 820 2773 931 2858; x_wconf 80' lang='lat' dir='ltr'>legisti</span> <span class='ocrx_word' id='word_1_162' title='bbox 958 2774 1109 2856; x_wconf 75' lang='lat' dir='ltr'>libenter,</span> <span class='ocrx_word' id='word_1_163' title='bbox 1139 2772 1270 2837; x_wconf 91' lang='lat' dir='ltr'>minime</span> <span class='ocrx_word' id='word_1_164' title='bbox 1297 2773 1410 2837; x_wconf 86' lang='lat' dir='ltr'>miror:</span> 
     </span>
     <span class='ocr_line' id='line_1_20' title="bbox 266 2875 1411 2960; baseline -0.001 -20"><span class='ocrx_word' id='word_1_165' title='bbox 266 2898 405 2960; x_wconf 87' lang='lat' dir='ltr'>namque</span> <span class='ocrx_word' id='word_1_166' title='bbox 427 2879 463 2940; x_wconf 87' lang='lat' dir='ltr'>tu</span> <span class='ocrx_word' id='word_1_167' title='bbox 479 2876 616 2940; x_wconf 87' lang='lat' dir='ltr'>Parthos</span> <span class='ocrx_word' id='word_1_168' title='bbox 639 2876 736 2940; x_wconf 87' lang='lat' dir='ltr'>etiam</span> <span class='ocrx_word' id='word_1_169' title='bbox 758 2879 791 2940; x_wconf 88' lang='lat' dir='ltr'>et</span> <span class='ocrx_word' id='word_1_170' title='bbox 805 2875 944 2940; x_wconf 87' lang='lat' dir='ltr'>Hiberos</span> <span class='ocrx_word' id='word_1_171' title='bbox 966 2898 1024 2940; x_wconf 88' lang='lat' dir='ltr'>sua</span> <span class='ocrx_word' id='word_1_172' title='bbox 1045 2876 1158 2959; x_wconf 85' lang='lat' dir='ltr'>lingua</span> <span class='ocrx_word' id='word_1_173' title='bbox 1173 2877 1298 2958; x_wconf 89' lang='lat' dir='ltr'>patrem</span> <span class='ocrx_word' id='word_1_174' title='bbox 1320 2877 1411 2939; x_wconf 88' lang='lat' dir='ltr'>tuum</span> 
     </span>
     <span class='ocr_line' id='line_1_21' title="bbox 266 2979 1019 3063; baseline 0 -20"><span class='ocrx_word' id='word_1_175' title='bbox 266 2979 435 3043; x_wconf 88' lang='lat' dir='ltr'>laudantes</span> <span class='ocrx_word' id='word_1_176' title='bbox 458 3001 515 3063; x_wconf 90' lang='lat' dir='ltr'>pro</span> <span class='ocrx_word' id='word_1_177' title='bbox 538 2979 670 3044; x_wconf 88' lang='lat' dir='ltr'>summis</span> <span class='ocrx_word' id='word_1_178' title='bbox 693 2981 875 3044; x_wconf 82' lang='lat' dir='ltr'>oratoribus</span> <span class='ocrx_word' id='word_1_179' title='bbox 898 2979 1019 3043; x_wconf 79' lang='lat' dir='ltr'>audias</span> 
     </span>
    </p>

    <p class='ocr_par' dir='ltr' id='par_1_10' title="bbox 267 3072 1409 3267">
     <span class='ocr_line' id='line_1_22' title="bbox 351 3072 1409 3166; baseline 0 -21"><span class='ocrx_word' id='word_1_180' title='bbox 351 3080 420 3145; x_wconf 89' lang='lat' dir='ltr'>Nec</span> <span class='ocrx_word' id='word_1_181' title='bbox 442 3072 546 3144; x_wconf 83' lang='lat' dir='ltr'>nicam</span> <span class='ocrx_word' id='word_1_182' title='bbox 568 3080 756 3164; x_wconf 84' lang='lat' dir='ltr'>orationem,</span> <span class='ocrx_word' id='word_1_183' title='bbox 780 3082 836 3145; x_wconf 85' lang='lat' dir='ltr'>sed</span> <span class='ocrx_word' id='word_1_184' title='bbox 857 3081 960 3165; x_wconf 86' lang='lat' dir='ltr'>patris</span> <span class='ocrx_word' id='word_1_185' title='bbox 981 3080 1030 3144; x_wconf 89' lang='lat' dir='ltr'>tui</span> <span class='ocrx_word' id='word_1_186' title='bbox 1044 3079 1197 3144; x_wconf 79' lang='lat' dir='ltr'>virtutem</span> <span class='ocrx_word' id='word_1_187' title='bbox 1211 3079 1345 3145; x_wconf 76' lang='lat' dir='ltr'>miratus</span> <span class='ocrx_word' id='word_1_188' title='bbox 1364 3103 1409 3166; x_wconf 82' lang='lat' dir='ltr'>es,</span> 
     </span>
     <span class='ocr_line' id='line_1_23' title="bbox 267 3181 1179 3267; baseline 0 -21"><span class='ocrx_word' id='word_1_189' title='bbox 267 3205 327 3247; x_wconf 87' lang='lat' dir='ltr'>nec</span> <span class='ocrx_word' id='word_1_190' title='bbox 350 3182 524 3247; x_wconf 89' lang='lat' dir='ltr'>laudatoris</span> <span class='ocrx_word' id='word_1_191' title='bbox 548 3183 654 3267; x_wconf 81' lang='lat' dir='ltr'>verba,</span> <span class='ocrx_word' id='word_1_192' title='bbox 679 3183 734 3248; x_wconf 86' lang='lat' dir='ltr'>sed</span> <span class='ocrx_word' id='word_1_193' title='bbox 755 3183 878 3247; x_wconf 87' lang='lat' dir='ltr'>laudati</span> <span class='ocrx_word' id='word_1_194' title='bbox 899 3183 987 3247; x_wconf 86' lang='lat' dir='ltr'>facta</span> <span class='ocrx_word' id='word_1_195' title='bbox 1009 3181 1147 3246; x_wconf 88' lang='lat' dir='ltr'>laudasti</span> <span class='ocrx_word' id='word_1_196' title='bbox 1155 3195 1179 3246; x_wconf 77' lang='lat'>³.</span> 
     </span>
    </p>

    <p class='ocr_par' dir='ltr' id='par_1_11' title="bbox 266 3285 1411 3880">
     <span class='ocr_line' id='line_1_24' title="bbox 351 3285 1411 3370; baseline 0.001 -21"><span class='ocrx_word' id='word_1_197' title='bbox 351 3285 400 3349; x_wconf 90' lang='lat' dir='ltr'>De</span> <span class='ocrx_word' id='word_1_198' title='bbox 421 3285 486 3349; x_wconf 85' lang='lat' dir='ltr'>tuis</span> <span class='ocrx_word' id='word_1_199' title='bbox 509 3285 607 3349; x_wconf 88' lang='lat' dir='ltr'>etiam</span> <span class='ocrx_word' id='word_1_200' title='bbox 628 3285 792 3369; x_wconf 84' lang='lat' dir='ltr'>laudibus,</span> <span class='ocrx_word' id='word_1_201' title='bbox 824 3307 904 3370; x_wconf 85' lang='lat' dir='ltr'>quas</span> <span class='ocrx_word' id='word_1_202' title='bbox 931 3285 967 3348; x_wconf 89' lang='lat' dir='ltr'>in</span> <span class='ocrx_word' id='word_1_203' title='bbox 995 3287 1109 3349; x_wconf 90' lang='lat' dir='ltr'>senatu</span> <span class='ocrx_word' id='word_1_204' title='bbox 1137 3285 1248 3349; x_wconf 88' lang='lat' dir='ltr'>eadem</span> <span class='ocrx_word' id='word_1_205' title='bbox 1275 3285 1332 3349; x_wconf 94' lang='lat' dir='ltr'>illa</span> <span class='ocrx_word' id='word_1_206' title='bbox 1360 3286 1411 3350; x_wconf 87' lang='lat' dir='ltr'>die</span> 
     </span>
     <span class='ocr_line' id='line_1_25' title="bbox 266 3385 1409 3472; baseline 0.002 -22"><span class='ocrx_word' id='word_1_207' title='bbox 266 3388 394 3471; x_wconf 63' lang='lat' dir='ltr'>protuli·</span> <span class='ocrx_word' id='word_1_208' title='bbox 418 3388 465 3451; x_wconf 88' lang='lat' dir='ltr'>ita</span> <span class='ocrx_word' id='word_1_209' title='bbox 487 3387 607 3453; x_wconf 88' lang='lat' dir='ltr'>sentias</span> <span class='ocrx_word' id='word_1_210' title='bbox 630 3387 740 3453; x_wconf 86' lang='lat' dir='ltr'>velim:</span> <span class='ocrx_word' id='word_1_211' title='bbox 762 3390 843 3452; x_wconf 87' lang='lat' dir='ltr'>tunc</span> <span class='ocrx_word' id='word_1_212' title='bbox 864 3387 899 3451; x_wconf 95' lang='lat' dir='ltr'>in</span> <span class='ocrx_word' id='word_1_213' title='bbox 920 3389 954 3450; x_wconf 88' lang='lat' dir='ltr'>te</span> <span class='ocrx_word' id='word_1_214' title='bbox 976 3387 1125 3452; x_wconf 85' lang='lat' dir='ltr'>eximiam</span> <span class='ocrx_word' id='word_1_215' title='bbox 1145 3385 1286 3450; x_wconf 87' lang='lat' dir='ltr'>indolem</span> <span class='ocrx_word' id='word_1_216' title='bbox 1299 3388 1409 3472; x_wconf 83' lang='lat' dir='ltr'>fuisse,</span> 
     </span>
     <span class='ocr_line' id='line_1_26' title="bbox 267 3489 1409 3574; baseline 0 -21"><span class='ocrx_word' id='word_1_217' title='bbox 267 3512 354 3554; x_wconf 90' lang='lat' dir='ltr'>nunc</span> <span class='ocrx_word' id='word_1_218' title='bbox 382 3510 539 3554; x_wconf 85' lang='lat' dir='ltr'>summam</span> <span class='ocrx_word' id='word_1_219' title='bbox 566 3490 733 3554; x_wconf 88' lang='lat' dir='ltr'>virtutem:</span> <span class='ocrx_word' id='word_1_220' title='bbox 765 3489 894 3573; x_wconf 88' lang='lat' dir='ltr'>frugem</span> <span class='ocrx_word' id='word_1_221' title='bbox 919 3490 999 3554; x_wconf 87' lang='lat' dir='ltr'>tunc</span> <span class='ocrx_word' id='word_1_222' title='bbox 1032 3490 1068 3553; x_wconf 92' lang='lat' dir='ltr'>in</span> <span class='ocrx_word' id='word_1_223' title='bbox 1095 3491 1204 3574; x_wconf 84' lang='lat' dir='ltr'>segete</span> <span class='ocrx_word' id='word_1_224' title='bbox 1231 3489 1409 3573; x_wconf 81' lang='lat' dir='ltr'>florentem,</span> 
     </span>
     <span class='ocr_line' id='line_1_27' title="bbox 267 3589 1409 3677; baseline 0.002 -23"><span class='ocrx_word' id='word_1_225' title='bbox 267 3613 353 3655; x_wconf 87' lang='lat' dir='ltr'>nunc</span> <span class='ocrx_word' id='word_1_226' title='bbox 375 3613 510 3655; x_wconf 87' lang='lat' dir='ltr'>messem</span> <span class='ocrx_word' id='word_1_227' title='bbox 531 3592 708 3677; x_wconf 86' lang='lat' dir='ltr'>perfectam</span> <span class='ocrx_word' id='word_1_228' title='bbox 731 3593 763 3656; x_wconf 90' lang='lat' dir='ltr'>et</span> <span class='ocrx_word' id='word_1_229' title='bbox 785 3589 899 3655; x_wconf 84' lang='lat' dir='ltr'>horreo</span> <span class='ocrx_word' id='word_1_230' title='bbox 923 3591 1094 3655; x_wconf 88' lang='lat' dir='ltr'>conditam.</span> <span class='ocrx_word' id='word_1_231' title='bbox 1129 3590 1305 3673; x_wconf 79' lang='lat' dir='ltr'>Sperabam</span> <span class='ocrx_word' id='word_1_232' title='bbox 1319 3594 1409 3675; x_wconf 80' lang='lat' dir='ltr'>tunc,</span> 
     </span>
     <span class='ocr_line' id='line_1_28' title="bbox 266 3691 1410 3778; baseline 0.002 -22"><span class='ocrx_word' id='word_1_233' title='bbox 266 3693 368 3758; x_wconf 86' lang='lat' dir='ltr'>habeo</span> <span class='ocrx_word' id='word_1_234' title='bbox 390 3716 493 3758; x_wconf 90' lang='lat' dir='ltr'>nunc:</span> <span class='ocrx_word' id='word_1_235' title='bbox 522 3716 594 3778; x_wconf 88' lang='lat' dir='ltr'>spes</span> <span class='ocrx_word' id='word_1_236' title='bbox 615 3693 651 3757; x_wconf 93' lang='lat' dir='ltr'>in</span> <span class='ocrx_word' id='word_1_237' title='bbox 672 3716 740 3758; x_wconf 85' lang='lat' dir='ltr'>rem</span> <span class='ocrx_word' id='word_1_238' title='bbox 769 3693 978 3758; x_wconf 67' lang='lat' dir='ltr'>convertitlb.</span> <span class='ocrx_word' id='word_1_239' title='bbox 1023 3691 1114 3768; x_wconf 78' lang='lat' dir='ltr'>Quod</span> <span class='ocrx_word' id='word_1_240' title='bbox 1141 3695 1248 3756; x_wconf 87' lang='lat' dir='ltr'>autem</span> <span class='ocrx_word' id='word_1_241' title='bbox 1276 3693 1363 3758; x_wconf 86' lang='lat' dir='ltr'>mitti</span> <span class='ocrx_word' id='word_1_242' title='bbox 1391 3717 1410 3757; x_wconf 93' lang='lat' dir='ltr'>a</span> 
     </span>
     <span class='ocr_line' id='line_1_29' title="bbox 266 3795 1408 3880; baseline -0.003 -20"><span class='ocrx_word' id='word_1_243' title='bbox 266 3817 317 3860; x_wconf 87' lang='lat' dir='ltr'>me</span> <span class='ocrx_word' id='word_1_244' title='bbox 339 3796 399 3859; x_wconf 91' lang='lat' dir='ltr'>tibi</span> <span class='ocrx_word' id='word_1_245' title='bbox 420 3795 592 3879; x_wconf 88' lang='lat' dir='ltr'>postulasti</span> <span class='ocrx_word' id='word_1_246' title='bbox 614 3795 754 3880; x_wconf 86' lang='lat' dir='ltr'>acceptis</span> <span class='ocrx_word' id='word_1_247' title='bbox 779 3844 1376 3860; x_wconf 89' lang='grc'><strong>...................</strong></span> <span class='ocrx_word' id='word_1_248' title='bbox 1391 3846 1408 3870; x_wconf 48' lang='grc'>,.</span> 
     </span>
    </p>
   </div>
   <div class='ocr_carea' id='block_1_9' title="bbox 351 4022 1206 4188">
    <p class='ocr_par' dir='ltr' id='par_1_12' title="bbox 351 4022 1206 4188">
     <span class='ocr_line' id='line_1_30' title="bbox 352 4022 945 4103; baseline 0 -17"><span class='ocrx_word' id='word_1_249' title='bbox 352 4049 369 4086; x_wconf 92' lang='lat' dir='ltr'>a</span> <span class='ocrx_word' id='word_1_250' title='bbox 386 4036 421 4085; x_wconf 82' lang='lat' dir='ltr'>In</span> <span class='ocrx_word' id='word_1_251' title='bbox 438 4026 562 4103; x_wconf 58' lang='lat' dir='ltr'>barbire:</span> <span class='ocrx_word' id='word_1_252' title='bbox 582 4033 640 4087; x_wconf 88' lang='lat' dir='ltr'>Nec</span> <span class='ocrx_word' id='word_1_253' title='bbox 657 4050 749 4088; x_wconf 90' lang='lat' dir='ltr'>meam</span> <span class='ocrx_word' id='word_1_254' title='bbox 767 4064 799 4072; x_wconf 89' lang='lat'>—</span> <span class='ocrx_word' id='word_1_255' title='bbox 816 4022 945 4088; x_wconf 86' lang='lat' dir='ltr'>laudasti.</span> 
     </span>
     <span class='ocr_line' id='line_1_31' title="bbox 351 4115 1206 4188; baseline 0 -19"><span class='ocrx_word' id='word_1_256' title='bbox 351 4115 369 4169; x_wconf 92' lang='lat' dir='ltr'>b</span> <span class='ocrx_word' id='word_1_257' title='bbox 388 4121 423 4170; x_wconf 83' lang='lat' dir='ltr'>Ia</span> <span class='ocrx_word' id='word_1_258' title='bbox 439 4122 564 4187; x_wconf 70' lang='lat' dir='ltr'>marytre:</span> <span class='ocrx_word' id='word_1_259' title='bbox 583 4117 662 4172; x_wconf 83' lang='lat' dir='ltr'>Tunc</span> <span class='ocrx_word' id='word_1_260' title='bbox 680 4119 790 4188; x_wconf 82' lang='lat' dir='ltr'>frugem</span> <span class='ocrx_word' id='word_1_261' title='bbox 806 4118 836 4172; x_wconf 87' lang='lat' dir='ltr'>in</span> <span class='ocrx_word' id='word_1_262' title='bbox 854 4135 912 4188; x_wconf 85' lang='lat' dir='ltr'>seg.</span> <span class='ocrx_word' id='word_1_263' title='bbox 931 4117 990 4172; x_wconf 88' lang='lat' dir='ltr'>flor.</span> <span class='ocrx_word' id='word_1_264' title='bbox 1010 4149 1042 4158; x_wconf 89' lang='lat'><em>-</em></span> <span class='ocrx_word' id='word_1_265' title='bbox 1061 4116 1206 4172; x_wconf 87' lang='lat' dir='ltr'>convertit.</span> 
     </span>
    </p>
   </div>
   <div class='ocr_carea' id='block_1_10' title="bbox 351 4252 627 4392">
    <p class='ocr_par' dir='ltr' id='par_1_13' title="bbox 351 4252 627 4392">
     <span class='ocr_line' id='line_1_32' title="bbox 354 4252 627 4322; baseline 0.004 -15"><span class='ocrx_word' id='word_1_266' title='bbox 354 4260 367 4307; x_wconf 92' lang='lat'>1</span> <span class='ocrx_word' id='word_1_267' title='bbox 385 4252 476 4308; x_wconf 86' lang='lat' dir='ltr'>Maius</span> <span class='ocrx_word' id='word_1_268' title='bbox 493 4253 564 4322; x_wconf 85' lang='lat' dir='ltr'>legit</span> <span class='ocrx_word' id='word_1_269' title='bbox 581 4261 627 4308; x_wconf 86' lang='lat' dir='ltr'>vel.</span> 
     </span>
     <span class='ocr_line' id='line_1_33' title="bbox 351 4337 547 4392; baseline 0.005 -2"><span class='ocrx_word' id='word_1_270' title='bbox 351 4343 367 4390; x_wconf 80' lang='lat'><strong>2</strong></span> <span class='ocrx_word' id='word_1_271' title='bbox 384 4337 547 4392; x_wconf 87' lang='lat' dir='ltr'>Evanidum.</span> 
     </span>
    </p>
   </div>
   <div class='ocr_carea' id='block_1_11' title="bbox 351 4386 1411 4500">
    <p class='ocr_par' dir='ltr' id='par_1_14' title="bbox 351 4386 1411 4500">
     <span class='ocr_line' id='line_1_34' title="bbox 351 4386 1411 4500; baseline 0.002 -24"><span class='ocrx_word' id='word_1_272' title='bbox 351 4430 367 4476; x_wconf 82' lang='lat'>3</span> <span class='ocrx_word' id='word_1_273' title='bbox 386 4421 513 4492; x_wconf 85' lang='lat' dir='ltr'>Spatium</span> <span class='ocrx_word' id='word_1_274' title='bbox 535 4425 655 4492; x_wconf 89' lang='lat' dir='ltr'>quatuor</span> <span class='ocrx_word' id='word_1_275' title='bbox 676 4425 735 4480; x_wconf 83' lang='lat' dir='ltr'>fere</span> <span class='ocrx_word' id='word_1_276' title='bbox 752 4424 916 4479; x_wconf 88' lang='lat' dir='ltr'>litterarum.</span> <span class='ocrx_word' id='word_1_277' title='bbox 953 4423 1104 4500; x_wconf 82' lang='lat' dir='ltr'>Iaccbsius:</span> <span class='ocrx_word' id='word_1_278' title='bbox 1129 4386 1248 4491; x_wconf 66' lang='lat' dir='ltr'>sturmin</span> <span class='ocrx_word' id='word_1_279' title='bbox 1266 4427 1367 4492; x_wconf 77' lang='grc' dir='ltr'>ετιφρὰ</span> <span class='ocrx_word' id='word_1_280' title='bbox 1385 4435 1411 4479; x_wconf 84' lang='lat' dir='ltr'>et</span> 
     </span>
    </p>
   </div>
   <div class='ocr_carea' id='block_1_12' title="bbox 198 4510 401 4574">
    <p class='ocr_par' dir='ltr' id='par_1_15' title="bbox 198 4510 401 4574">
     <span class='ocr_line' id='line_1_35' title="bbox 198 4510 401 4574; baseline -0.005 -14"><span class='ocrx_word' id='word_1_281' title='bbox 198 4567 200 4571; x_wconf 49' lang='grc'>,</span> <span class='ocrx_word' id='word_1_282' title='bbox 266 4512 341 4561; x_wconf 62' lang='lat' dir='ltr'>nenti</span> <span class='ocrx_word' id='word_1_283' title='bbox 357 4510 401 4574; x_wconf 87' lang='grc' dir='ltr'>ἤθ.</span> 
     </span>
    </p>
   </div>
   <div class='ocr_carea' id='block_1_13' title="bbox 268 4589 1409 4918">
    <p class='ocr_par' dir='ltr' id='par_1_16' title="bbox 351 4589 1103 4663">
     <span class='ocr_line' id='line_1_36' title="bbox 351 4589 1103 4663; baseline 0.004 -20"><span class='ocrx_word' id='word_1_284' title='bbox 351 4597 368 4644; x_wconf 86' lang='grc'>4</span> <span class='ocrx_word' id='word_1_285' title='bbox 387 4589 517 4657; x_wconf 83' lang='lat' dir='ltr'>Sequitur</span> <span class='ocrx_word' id='word_1_286' title='bbox 536 4591 601 4648; x_wconf 80' lang='lat' dir='ltr'>Cod.</span> <span class='ocrx_word' id='word_1_287' title='bbox 621 4594 717 4648; x_wconf 85' lang='lat' dir='ltr'>Ambr.</span> <span class='ocrx_word' id='word_1_288' title='bbox 736 4613 763 4663; x_wconf 90' lang='lat' dir='ltr'>p.</span> <span class='ocrx_word' id='word_1_289' title='bbox 778 4600 828 4649; x_wconf 78' lang='lat'>233</span> <span class='ocrx_word' id='word_1_290' title='bbox 847 4593 985 4663; x_wconf 86' lang='lat' dir='ltr'>scriptura</span> <span class='ocrx_word' id='word_1_291' title='bbox 1002 4593 1103 4662; x_wconf 86' lang='lat' dir='ltr'>fugaci.</span> 
     </span>
    </p>

    <p class='ocr_par' dir='ltr' id='par_1_17' title="bbox 352 4675 1361 4746">
     <span class='ocr_line' id='line_1_37' title="bbox 352 4675 1361 4746; baseline 0.002 -17"><span class='ocrx_word' id='word_1_292' title='bbox 352 4675 444 4729; x_wconf 71' lang='lat' dir='ltr'>almo</span> <span class='ocrx_word' id='word_1_293' title='bbox 463 4675 546 4745; x_wconf 89' lang='lat' dir='ltr'>paulo</span> <span class='ocrx_word' id='word_1_294' title='bbox 564 4677 716 4746; x_wconf 83' lang='lat' dir='ltr'>posteriue:</span> <span class='ocrx_word' id='word_1_295' title='bbox 736 4680 769 4733; x_wconf 90' lang='lat' dir='ltr'>cf.</span> <span class='ocrx_word' id='word_1_296' title='bbox 790 4678 827 4733; x_wconf 85' lang='lat' dir='ltr'>ad</span> <span class='ocrx_word' id='word_1_297' title='bbox 843 4678 880 4732; x_wconf 91' lang='lat' dir='ltr'>M.</span> <span class='ocrx_word' id='word_1_298' title='bbox 895 4676 971 4732; x_wconf 82' lang='lat' dir='ltr'>Caes.</span> <span class='ocrx_word' id='word_1_299' title='bbox 991 4678 1012 4743; x_wconf 87' lang='lat' dir='ltr'>I,</span> <span class='ocrx_word' id='word_1_300' title='bbox 1024 4682 1048 4730; x_wconf 90' lang='lat'>8.</span> <span class='ocrx_word' id='word_1_301' title='bbox 1359 4741 1361 4744; x_wconf 6' lang='grc' dir='ltr'><em>Α</em></span> 
     </span>
    </p>

    <p class='ocr_par' dir='ltr' id='par_1_18' title="bbox 268 4761 1409 4918">
     <span class='ocr_line' id='line_1_38' title="bbox 352 4761 1409 4833; baseline 0.005 -20"><span class='ocrx_word' id='word_1_302' title='bbox 352 4766 367 4813; x_wconf 84' lang='grc'><strong>6</strong></span> <span class='ocrx_word' id='word_1_303' title='bbox 386 4761 429 4814; x_wconf 87' lang='lat' dir='ltr'>lta</span> <span class='ocrx_word' id='word_1_304' title='bbox 446 4777 527 4816; x_wconf 84' lang='lat' dir='ltr'>sensu</span> <span class='ocrx_word' id='word_1_305' title='bbox 545 4765 643 4818; x_wconf 86' lang='lat' dir='ltr'>neutro</span> <span class='ocrx_word' id='word_1_306' title='bbox 662 4762 747 4819; x_wconf 86' lang='lat' dir='ltr'>etiam</span> <span class='ocrx_word' id='word_1_307' title='bbox 764 4763 793 4817; x_wconf 91' lang='lat' dir='ltr'>in</span> <span class='ocrx_word' id='word_1_308' title='bbox 810 4763 965 4833; x_wconf 89' lang='lat' dir='ltr'>penultima</span> <span class='ocrx_word' id='word_1_309' title='bbox 981 4761 1107 4819; x_wconf 80' lang='lat' dir='ltr'>Alsiensi.</span> <span class='ocrx_word' id='word_1_310' title='bbox 1130 4767 1226 4819; x_wconf 75' lang='lat' dir='ltr'>Maius.</span> <span class='ocrx_word' id='word_1_311' title='bbox 1256 4763 1311 4817; x_wconf 90' lang='lat' dir='ltr'>Pro</span> <span class='ocrx_word' id='word_1_312' title='bbox 1329 4769 1409 4818; x_wconf 74' lang='lat' dir='ltr'>liabeo</span> 
     </span>
     <span class='ocr_line' id='line_1_39' title="bbox 268 4844 567 4918; baseline 0.003 -17"><span class='ocrx_word' id='word_1_313' title='bbox 268 4844 361 4902; x_wconf 82' lang='lat' dir='ltr'>Codex</span> <span class='ocrx_word' id='word_1_314' title='bbox 377 4865 419 4918; x_wconf 87' lang='lat' dir='ltr'>pr.</span> <span class='ocrx_word' id='word_1_315' title='bbox 438 4863 474 4901; x_wconf 89' lang='lat' dir='ltr'>1n.</span> <span class='ocrx_word' id='word_1_316' title='bbox 495 4851 567 4902; x_wconf 73' lang='lat' dir='ltr'>abeo·</span> 
     </span>
    </p>
   </div>
   <div class='ocr_carea' id='block_1_14' title="bbox 0 0 1658 5950">
    <p class='ocr_par' dir='ltr' id='par_1_19' title="bbox 0 0 1658 5950">
     <span class='ocr_line' id='line_1_40' title="bbox 0 0 1658 5950; baseline 0 0"><span class='ocrx_word' id='word_1_317' title='bbox 0 0 1658 5950; x_wconf 95' lang='lat' dir='ltr'> </span> 
     </span>
    </p>
   </div>
  </div>
 </body>
</html>
