3300 5950
596 791 795 845 υΡιυΤυυκυ
814 791 990 846 ουκυυκυ.
1298 793 1360 859 257

222 962 356 1026 πίετεως
385 964 436 1025 διὰ
463 964 539 1026 τοὺς
560 963 738 1041 ἐρῶνταςῐ,
767 965 810 1027 δι’
832 963 912 1041 ἡμᾶς
940 965 976 1027 δέ
998 964 1075 1031 τοὺς
1097 962 1215 1027 ἀλλους
1239 971 1361 1044 βεβαιο-

222 1064 318 1143 τέραν
340 1066 398 1141 τὴν
421 1064 517 1131 δόξαν
541 1065 693 1142 κέκτηεθε.
737 1064 769 1127 Εἰ
790 1069 871 1140 γοῦν
893 1085 939 1127 τιε
961 1069 1028 1129 τῶν
1050 1065 1181 1143 μηδέπω
1205 1087 1238 1130 ςε
1260 1067 1361 1144 ἑωρα-

222 1169 328 1230 κότων
352 1166 565 1245 πυνθάνοιτο,
596 1166 711 1229 ὁποῖός
738 1187 783 1230 τις
813 1164 917 1252 είλέης
938 1170 997 1244 τὴν
1027 1167 1121 1246 ὄψιν,
1149 1167 1298 1245 ἐμοῖμέν
1320 1168 1359 1231 άν

222 1268 382 1331 πιςτεύςαι
411 1267 611 1343 ἐπαινοῦντι,
640 1268 750 1345 μαθὼν
779 1266 828 1331 ὅτι
856 1267 915 1331 οὐκ
943 1267 1023 1346 ἐρῶ·
1059 1274 1105 1350 τῷ
1133 1269 1166 1332 δ’
1188 1268 1360 1346 ἀπιςτήςαι,

224 1370 269 1433 ῶς
296 1369 355 1433 οὐκ
383 1367 508 1445 ἀληθῶς
538 1367 614 1431 ἀλλ’
642 1368 803 1447 ἐρωτικῶς
831 1368 1026 1434 ἐπαινοῦντι.
1069 1370 1177 1433 Ὅεοιε
1210 1372 1267 1446 μὲν
1302 1368 1362 1432 οὖν

224 1470 310 1549 λώβη
333 1491 378 1534 τις
401 1470 545 1547 ςῶματος
567 1470 617 1533 καὶ
645 1468 755 1549 αίςχος
782 1469 833 1533 καὶ
859 1466 1002 1551 ἀμορφία
1025 1469 1201 1547 πρόςεςτιν,
1224 1469 1363 1535 εὔξαιντ’

223 1572 263 1636 ἀν
279 1570 408 1635 εἰκότως
430 1570 562 1649 ἐραςτὰε
585 1570 694 1635 αὑτοῖς
714 1571 874 1646 γενέςθαι·
900 1571 1016 1649 οὐγὰρ
1039 1571 1078 1636 ἀν
1100 1571 1159 1635 ὑπ’
1181 1570 1290 1636 ἄλλων
1313 1576 1362 1635 θε-

222 1673 416 1749 ραπεύοιντο
446 1672 465 1749 ἢ
494 1675 561 1737 τῶν
590 1672 661 1735 κατ’
690 1672 845 1752 ἐρωτικὴν
873 1672 989 1737 λύτταν
1017 1672 1067 1736 καὶ
1096 1671 1237 1749 ἀνάγκην
1265 1692 1363 1749 προς-

224 1775 351 1838 ιόντων.
370 1814 375 1829 ·
395 1773 436 1837 (ιλ
465 1775 500 1862 δὲ
529 1772 564 1837 ἐν
591 1778 637 1855 τῷ
665 1777 780 1856 τοιῷδε
809 1774 917 1837 κάλλει
946 1773 1005 1837 οὐκ
1033 1774 1100 1837 ἐςθ’
1129 1773 1177 1837 ὅτι
1205 1775 1363 1852 καρπῶςει

225 1877 325 1939 πλέον
358 1873 418 1938 ὑπ’
452 1873 602 1951 ἐρωτοςῖ.
653 1861 756 1938 Οάδέν
779 1874 848 1951 ’γὰρ
881 1873 977 1952 ἦττον
1005 1874 1133 1939 δέονταί
1161 1895 1217 1938 ςου
1247 1875 1277 1937 οἱ
1305 1874 1363 1952 μὴ4

225 1976 373 2052 ἐρῶντεε.
416 1974 576 2052 Ἀχρήῖοιῖ
604 1975 639 2037 δέ
667 1974 698 2037 οῖ
726 1975 853 2053 ἐραςταῖ
880 1978 949 2038 τοῖς
983 1974 1089 2039 ὄντως
1123 1977 1231 2038 καλοῖς
1266 1974 1363 2038 οὐδὲν

226 2075 323 2152 ἦττον
346 2077 365 2153 ἢ
388 2078 455 2139 τοῖς
478 2074 605 2139 δικαίως
627 2075 873 2154 ἐπαινουμένοις
895 2076 926 2139 οῖ
947 2077 1087 2140 κόλακες.
1124 2077 1234 2154 Ἀρετὴ
1257 2075 1364 2138 δὲκαὶ

226 2177 303 2251 δόξα
330 2178 380 2240 καὶ
408 2178 476 2254 τιμὴ
504 2178 555 2240 καί
583 2177 727 2255 κέρδοςθ.
774 2178 895 2256 Κόςμος
921 2165 1059 2261 θαλάττῃ
1087 2178 1144 2254 μὲν
1172 2180 1285 2240 ναῦται
1313 2177 1363 2239 καὶ

226 2282 413 2357 κυβερνῆται
435 2278 485 2341 καὶ
506 2278 691 2357 τριήραρχοι
713 2280 763 2342 καὶ
784 2278 919 2357 ἐμποροι
941 2279 991 2341 καῖ
1014 2278 1044 2340 οῖ
1067 2278 1174 2341 ἄλλως
1196 2278 1362 2356 πλέοντες,

228 2385 266 2442 ου
289 2381 331 2460 μὰ
353 2379 418 2441 Δία
440 2379 606 2458 δελφῖνες,
629 2379 677 2443 οἷς
699 2379 861 2444 ἀδύνατον
883 2380 921 2443 τὸ
944 2380 1072 2456 Ζῆνότι
1094 2381 1134 2456 μὴ
1158 2380 1193 2443 ἐν
1216 2378 1364 2461 θαλάττῃ,

227 2480 352 2543 καλοῖς7
386 2482 421 2543 δέ
452 2480 540 2558 ἡμεῖς
573 2480 602 2543 οἱ
628 2481 796 2557 τηνάλλωε
829 2481 1038 2544 ἐπαινοῦντες
1063 2482 1114 2543 καῖ
1141 2479 1364 2557 ἀςπαζόμενοι,

228 2583 298 2659 ουχὶ
320 2581 460 2659 ἐραςταί,
489 2580 537 2645 οἷς
564 2580 704 2660 ἀβίωτον
733 2582 772 2645 ἀν
801 2580 848 2659 εἴη
878 2582 1080 2659 ςτερομένοις
1107 2586 1174 2645 τῶν
1197 2584 1363 2644 παιδικῶν.

227 2682 337 2761 Εὕροιε
358 2684 392 2745 δ’
413 2682 452 2746 ἀν
476 2688 605 2746 ςκοπῶν
628 2683 773 2761 πλείςτης
793 2681 920 2747 ἀδοξίας
943 2682 1061 2745 αἰτίους
1084 2684 1140 2761 μέν
1164 2682 1261 2746 ὄντα(
1288 2683 1365 2745 τοὺς

227 2784 374 2862 ἐραςτάς·
413 2783 544 2849 ἀδοξίαν
572 2785 607 2847 δὲ
635 2783 768 2865 φεύγειν
796 2782 941 2847 ἅπαντας
969 2785 1026 2861 μἐν
1056 2785 1115 2861 χρὴ
1143 2785 1219 2847 τοὺς
1246 2784 1364 2863 εὐφρο-

227 2889 375 2959 νοθντας,
397 2885 527 2962 μάλιςτα
549 2886 585 2948 δὲ
606 2886 683 2948 τοὺς
705 2886 810 2963 νέους,
836 2883 885 2947 οἷς
900 2883 952 2946 ἐπὶ
974 2885 1171 2962 μακρότερον
1195 2884 1365 2960 ἐγκείςεται

227 2988 265 3049 τὸ
287 2987 385 3050 κακὸν
408 2986 549 3068 ἐν’ἀρχῇ
571 2989 693 3064 μακροῦ
716 2985 786 3064 βίου
808 2986 998 3062 προςπεςόν.

312 3085 433 3163 Ὥςπερ
462 3085 522 3150 οὖν
550 3085 647 3164 ἱερῶν
675 3087 725 3148 καὶ
752 3085 874 3162 θυείας,
909 3085 995 3149 οὕτω
1030 3087 1165 3150 καὶτοῦ
1193 3088 1262 3166 βίου
1289 3087 1366 3150 τοὺς

229 3188 428 3266 ἀρχομένους
451 3187 597 3263 εὐλογίας
621 3186 783 3270 Ιῖμάλιςτα
797 3209 841 3267 πρ
856 3235 954 3250 .....
977 3190 1044 3251 τοῖς
1061 3190 1172 3251 τῶν..
1190 3236 1195 3250 .
1212 3187 1254 3250 είς
1277 3188 1365 3266 ἐςχά-

229 3310 285 3367 την
309 3288 438 3353 ἀδοξίαν
461 3308 510 3350 α.
537 3337 543 3349 .
570 3334 577 3349 .
600 3287 736 3352 τούτους
758 3290 793 3352 δέ
815 3289 970 3367 χρηςτοὺς
991 3288 1123 3367 ἐραςτάς
1144 3288 1218 3354 ἐξὸν
1241 3289 1267 3352 εἰ
1292 3338 1298 3350 .
1325 3337 1331 3350 .
1358 3338 1364 3349 .

230 3392 325 3454 πέντε
355 3391 405 3453 καὶ
427 3437 435 3452 .
461 3438 467 3450 .
494 3438 501 3451 .
527 3439 533 3450 .
558 3410 579 3452 α
600 3409 667 3454 νεικ
690 3437 697 3451 .
723 3436 731 3452 .
757 3438 763 3451 .
785 3410 847 3454 νον
875 3393 979 3468 χρῆμα
1007 3390 1151 3467 ἐραςταῖς
1175 3439 1181 3451 .
1208 3439 1214 3451 .
1240 3439 1247 3452 .
1276 3411 1365 3454 του.

233 3541 239 3553 .
266 3541 271 3552 .
297 3541 303 3553 .
327 3494 362 3554 δὲ
389 3491 521 3569 καὶγὰρ
549 3491 580 3554 οἱ
602 3491 740 3569 ἐρῶντες
763 3491 814 3554 διὰ
835 3496 902 3554 τῶν
924 3494 1060 3556 τοιῶνδε
1084 3491 1281 3571 φορημάτων
1308 3490 1367 3553 οὐκ

230 3591 371 3657 ἐκείνους
393 3595 531 3672 τιμῶςιν,
555 3591 629 3654 ἀλλ’
652 3591 743 3655 αὐτοὶ
759 3589 1048 3672 ἀλαζῖζονεόονταί
1063 3612 1097 3655 τε
1112 3592 1161 3654 καὶ
1177 3592 1367 3656 ἐπιδείκνυν-

290 3695 433 3703 -..—-.-—-

317 3750 327 3794 1
348 3741 466 3794 Videtur
484 3741 579 3795 deesse
602 3744 797 3809 διαμαρτάνειν
820 3742 865 3794 vol
883 3743 996 3807 ἀτυχεῖν
1014 3741 1058 3794 vel
1076 3740 1232 3793 huiusmodi
1250 3742 1367 3794 vocabu-

230 3828 295 3891 lum,
316 3826 358 3879 cui
376 3844 440 3879 mox
457 3825 628 3879 reddendum
647 3830 803 3892 κεκτῆςθαι.
840 3831 1013 3893 Ιίείηάοηῖατ.

316 3909 450 3977 θίιιοῖρίδ
468 3909 535 3963 Cod.
554 3910 680 3964 Ambros.
700 3927 726 3978 p.
746 3916 788 3962 84.
824 3908 929 3964 Codex:
950 3910 1002 3977 εἴη.
1058 3956 1061 3961 .

318 4003 333 4046 3
350 3993 517 4046 Niebuhrius
535 3993 645 4047 coniieid
663 3996 793 4061 ἐρῶντος.

317 4085 333 4130 4
351 4077 456 4130 Codex:
476 4083 628 4145 μηρῶντες.

318 4162 394 4215 osta
412 4160 512 4215 Codex.

317 4252 333 4297 6
352 4245 455 4298 Codex:
475 4247 593 4313 ςκέρδος,
620 4247 696 4300 Haeo
714 4247 801 4300 verba
817 4246 877 4299 ιιοιι1
890 4245 1024 4314 intelligo.
1061 4246 1297 4315 Simplicissimum
1316 4249 1369 4300 erit

235 4349 296 4384 eum
314 4330 486 4382 Buttmanno
503 4329 624 4383 inserere
642 4331 700 4384 καί·
720 4334 764 4384 καῖ
783 4333 878 4397 κέρδος
897 4333 950 4384 καῖ
969 4333 1069 4395 κόςμος
1088 4333 1213 4398 θαλάττῃ
1233 4333 1288 4383 κτὲ.

320 4420 334 4466 7
353 4414 457 4468 Codex:
488 4415 621 4481 κάλλους,
646 4415 720 4482 quod
738 4415 824 4467 miror
842 4415 963 4467 nondum
981 4415 1066 4467 fuisso
1084 4414 1268 4467 emendatum.
1305 4416 1369 4467 Mox

235 4499 386 4551 Iacobsius:
405 4501 458 4564 οὐχ
475 4500 502 4552 οἱ
519 4499 637 4567 ἐραςταί,

319 4590 334 4635 8
353 4582 482 4649 Sequitur
505 4582 570 4637 eod.
594 4584 723 4637 Ambros.
742 4601 769 4651 p.
789 4590 835 4648 83,
859 4582 934 4635 euius
957 4583 1095 4651 scriptura
1117 4583 1235 4635 evanida
1258 4585 1370 4651 praeter

236 4669 347 4721 ultimos
365 4682 460 4720 versus
478 4667 528 4720 eol.
548 4666 669 4720 alterius.
706 4666 823 4735 Supplet
840 4666 1027 4720 Heindorfius:
1059 4668 1174 4731 μάλιςτα
1196 4668 1295 4732 πρέπει
1313 4668 1369 4720 ἐπι-

236 4757 381 4818 μελεῑςθαι.
474 4745 477 4751 ’
1012 4756 1014 4758 ’

320 4835 454 4903 9lneipit
471 4834 537 4892 Cod.
556 4836 682 4888 Ambroe
701 4853 727 4903 p.
748 4841 788 4890 74.

289 4955 388 4993 enom,
409 4956 444 4988 ET
462 4954 564 4993 xum-212.
584 4955 674 4991 Eme.
1130 4921 1167 4983 Π
