3300 5950
249 784 269 844 6
461 778 495 831 Μ.
517 776 686 831 CORNELII
696 773 911 829 'FRONTCNIS
930 772 1188 828 EPISTVLARUM

249 955 338 1015 tuam
361 952 425 1013 iam
447 949 682 1031 rescripseram,
708 948 813 1010 dimisi
837 948 877 1009 ad
895 950 944 1028 te,
967 949 1153 1029 sequentem
1170 950 1278 1010 autem
1292 947 1393 1010 tabel-

250 1053 365 1115 larium
387 1051 515 1127 retinui,
538 1072 600 1133 que
623 1072 661 1113 ex
686 1049 821 1132 ¹gaudio
844 1049 1074 1132 resipiscerem.
1109 1047 1194 1111 Ecce
1216 1070 1282 1111 nox
1303 1070 1393 1133 prae·
1433 1072 1436 1078 ’

250 1154 354 1234 teriit,
385 1152 450 1215 dies
473 1152 526 1214 hic
548 1154 597 1214 est
619 1152 716 1232 ²ollor
743 1162 771 1213 et
796 1172 897 1233 prope
921 1154 1051 1212 exactus
1074 1152 1133 1213 est.
1178 1148 1295 1213 Nescio
1318 1150 1394 1232 quid

252 1257 307 1317 aut
329 1253 595 1337 quemadmodum
624 1251 702 1313 3tibi
729 1251 913 1314 rescribam.
970 1250 1052 1326 Quid
1075 1252 1160 1314 enim
1183 1272 1242 1334 ego
1265 1273 1395 1334 pessum

251 1355 437 1437 iucundius,
467 1354 541 1437 quid
569 1352 733 1435 blandius,
763 1352 1208 1436 quidamand11s⁴qoomro
1237 1352 1393 1415 scribsisti

252 1455 362 1519 mihi.⁵
380 1505 386 1518 .
406 1504 413 1518 .
432 1504 465 1518 ..
510 1454 554 1517 Et
576 1455 700 1538 gaudeo
723 1453 804 1541 qued
827 1454 992 1537 ingratum
1007 1476 1058 1516 me
1088 1454 1181 1535 llet
1203 1453 1394 1517 reserandae

253 1556 377 1641 gratiae
399 1556 555 1639 imparem
571 1555 692 1637 'faciam
717 1556 884 1638 quoniam,
909 1559 945 1618 ut
967 1577 1017 1618 res
1040 1557 1104 1636 est,
1127 1555 1174 1618 ita
1200 1575 1251 1617 me
1274 1554 1393 1639 diligis,

254 1661 291 1721 ut
312 1678 372 1740 ego
393 1660 426 1721 te
448 1657 552 1742 magis
575 1678 681 1720 amare
703 1657 756 1720 vix
778 1657 927 1739 possim⁷.

338 1758 442 1843 Igitur
465 1762 501 1821 ut
523 1761 747 1842 argumentum
776 1757 903 1841 aliquod
931 1758 1093 1841 prolixiori
1125 1758 1280 1840 epistulae
1307 1779 1396 1841 repc-

255 1860 346 1941 riam,
366 1861 458 1943 quod,
476 1881 531 1923 oro
547 1861 608 1943 8te,
625 1860 665 1922 ob
681 1860 831 1923 meritum
850 1860 895 1922 sic
910 1880 961 1922 me
977 1858 1088 1921 amas?
1110 1858 1185 1941 quid
1200 1858 1261 1921 iste
1275 1857 1396 1922 Fronto

255 1964 382 2026 tantum
405 1962 481 2025 boni
502 1961 595 2043 fecit,
629 1964 666 2024 ut
694 1983 765 2023 eum
792 1963 885 2023 tanto
913 1981 1007 2043 opere
1034 1963 1070 2023 tu
1103 1958 1243 2043 diligas?
1292 1958 1397 2043 Caput

255 2085 348 2125 suum
376 2084 433 2145 pro
461 2065 493 2125 te
523 2065 579 2125 aut
605 2062 793 2145 parentibus
820 2062 885 2124 tuis
911 2060 1059 2124 devovit?
1102 2060 1335 2125 Succidaneum
1363 2083 1397 2125 se

255 2186 313 2247 pro
335 2164 449 2227 vestris
472 2164 622 2247 perieulis
650 2163 815 2226 subdidit?
858 2162 1061 2226 Provinciam
1093 2163 1232 2245 aliquam
1260 2163 1398 2226 fideliter

257 2264 537 2329 administravit9?
585 2265 771 2328 Exercitum
799 2262 913 2326 duxit?
960 2262 1051 2325 Nihil
1079 2284 1197 2326 eorum.
1243 2263 1292 2327 Ne
1321 2265 1397 2327 ceti-

257 2366 360 2428 dianis
383 2366 510 2448 quidem
531 2366 602 2430 istis
624 2365 738 2428 officiis
762 2366 847 2428 circa
875 2367 907 2427 te
929 2367 1056 2446 praeter
1085 2366 1205 2427 ceteros
1233 2364 1396 2448 fungitur:

258 2469 289 2529 et
311 2468 408 2529 immo
433 2466 456 2503 ¹⁰
467 2514 605 2529 ......
634 2466 681 2529 vel
706 2467 733 2528 is
756 2466 834 2528 satis
857 2465 1054 2549 infrequens
1099 2465 1185 2529 Nam
1209 2467 1316 2549 *neque
1344 2467 1398 2530 do-

256 2590 344 2630 mum
366 2570 505 2631 vestram
527 2567 665 2631 diluculo
686 2567 842 2648 ventitat,
866 2588 969 2649 neque
992 2567 1106 2630 cotidie
1128 2567 1265 2649 salutat,
1294 2589 1397 2651 neque

256 2669 373 2750 ubique
402 2669 587 2750 comitatur,
627 2656 687 2732 nec
715 2688 841 2750 semper
866 2668 1035 2750 spectat¹¹.
1086 2667 1168 2731 Vide
1195 2668 1311 2752 igitur,
1349 2671 1396 2750 ut,

258 2770 355 2851 siquis
383 2770 562 2853 interroget
588 2790 643 2832 cur
672 2768 867 2833 Frontonem
895 2790 998 2850 ames,
1036 2768 1155 2831 habeas
1182 2770 1217 2831 in
1247 2772 1399 2852 promptu

258 2870 341 2953 quod
362 2869 457 2933 facile
479 2871 681 2954 respondeas.

343 2971 389 3035 At
417 2993 476 3056 ego
504 2971 586 3036 nihil
613 2972 739 3055 quidem
767 2972 852 3035 malo
881 2994 976 3055 quam
1005 2972 1120 3035 amoris
1155 2993 1232 3056 erga
1266 2994 1318 3035 me
1350 2972 1399 3036 tui
1445 3002 1448 3009 ·

328 3232 340 3278 l
360 3226 453 3279 Prima
470 3242 568 3278 manus
587 3226 704 3279 dederat
720 3233 823 3293 prndio,

327 3316 342 3362 2
360 3310 438 3363 Haec
455 3310 498 3362 cst
510 3308 662 3361 Heindcrfii
679 3311 850 3374 coniectura;
869 3309 906 3362 du
917 3309 987 3362 Rieu
998 3308 1081 3377 legit:
1098 3308 1328 3363 ALIERETVLA
1335 3352 1397 3364 .....

260 3404 375 3447 exortus.
410 3391 598 3446 Eichstadius:
618 3398 673 3445 dies
690 3399 729 3446 ln'c
747 3394 849 3462 etipse
867 3411 963 3462 prope.

327 3484 342 3530 3
360 3476 448 3529 Maius
466 3481 603 3530 rescribam
621 3480 666 3529 titi
673 3516 679 3537 ,
707 3478 755 3530 sed
773 3495 790 3531 a
806 3478 898 3546 prima
916 3495 1000 3532 manu
1021 3477 1131 3532 videtur
1150 3480 1303 3548 essequod
1325 3479 1399 3544 dedi,

260 3577 429 3629 quamquam
448 3562 585 3630 scriptura
602 3578 657 3614 non
676 3561 743 3624 satis
762 3564 839 3615 certa
857 3564 907 3616 est.
1313 3584 1315 3586 ·

327 3646 436 3698 4Haec
459 3645 595 3699 vocabula
616 3645 755 3714 supplevit
777 3647 814 3699 du
831 3646 908 3700 Rieu.
956 3648 988 3700 In
1010 3646 1110 3702 Codice
1132 3648 1201 3701 nihil
1224 3650 1267 3702 est
1288 3650 1400 3717 practer

260 3729 406 3797 vestigium
423 3729 522 3783 literae
541 3751 556 3798 q
575 3731 603 3783 ct
621 3729 741 3796 spatium
760 3731 878 3798 quatuor
895 3732 1059 3786 litterarum.

329 3819 343 3866 5
362 3812 491 3880 Seqrutur
510 3814 630 3881 spatium
652 3814 786 3867 tredecim
808 3815 978 3883 litterarum,
1000 3819 1029 3868 in
1048 3832 1102 3883 quo
1120 3816 1208 3870 Maius
1230 3816 1299 3870 nihil
1319 3817 1398 3870 vidit.

262 3897 298 3950 du
315 3898 386 3950 Rieu
403 3898 439 3951 ab
457 3898 536 3951 initio
554 3899 611 3951 tres
629 3898 750 3952 litteras:
770 3899 842 3951 ORO
854 3943 859 3953 .
872 3944 877 3954 .
892 3944 914 3954 ..

328 3987 343 4034 6
361 3982 462 4050 Incipit
480 3982 546 4036 Ccd.
565 3981 693 4035 Ambros.
714 4000 740 4050 p.
756 3988 811 4036 100.

329 4073 343 4118 7
363 4065 442 4119 cod:
460 4087 568 4134 possem.

329 4155 344 4202 8
363 4149 456 4204 Codex
474 4163 499 4204 er
516 4153 545 4205 et
563 4169 631 4206 corr.
652 4165 685 4205 te.

329 4241 344 4288 9
363 4232 472 4303 Scripta
489 4237 531 4288 est
547 4236 618 4290 haec
635 4237 754 4306 epistula
772 4239 837 4291 ante
858 4237 1004 4307 imperium
1022 4238 1169 4293 Frontonis
1195 4241 1401 4307 proconsulare,

262 4318 295 4372 de
315 4334 368 4385 quo
388 4335 478 4372 sermo
497 4321 550 4373 erit
566 4321 595 4374 in
614 4321 792 4388 sequentibus
810 4320 902 4387 libris,
929 4339 1098 4391 quamquam
1115 4322 1144 4375 id
1161 4323 1253 4391 ipsum
1275 4342 1330 4379 non
1348 4323 1401 4377 nisi

261 4402 437 4471 designatum
454 4405 539 4457 fuisse
557 4405 674 4459 videtur.
712 4411 804 4460 illotus.

261 4493 345 4622 Addo
364 4487 467 4542 Codex:
496 4488 823 4543 sva1.1Vanrssnrls
869 4490 1086 4545 Berolinensiunr
1108 4492 1265 4546 tentamina
1286 4493 1349 4547 ride
1371 4493 1401 4546 in

327 4614 332 4623 .
362 4590 379 4625 ).
393 4579 450 4626 294.

315 4590 437 4724 lllllrgo
456 4657 583 4726 antiquus
602 4658 755 4713 officiorum
772 4660 883 4714 illerum
900 4678 960 4715 mos
979 4662 1037 4713 tum
1050 4660 1140 4715 adhuc
1152 4661 1314 4719 immutatus
1326 4663 1403 4731 vige·

261 4739 318 4791 bat.
347 4744 505 4798 Nieboladas.
542 4743 595 4796 Pro
613 4755 714 4811 spectat
730 4745 848 4812 legerim
866 4756 989 4811 repertor
1007 4762 1043 4799 se.
1063 4745 1128 4799 dum
1140 4747 1401 4816 prodeatinpubli·

262 4839 323 4876 cum
340 4826 483 4893 patronus,
502 4844 585 4894 quem
604 4826 757 4882 comitetur.
788 4833 960 4896 Heindorfius.
