3300 5950
494 794 543 849 AD
561 793 597 848 M.
616 788 836 850 ANTONINUM
854 790 901 847 DE
919 788 1159 855 ELOQUENTIA.
1339 794 1400 859 153

508 998 569 1064 1v.
614 996 795 1064 Antonino
818 996 981 1081 nngnsnn
1007 977 1154 1063 nnnnnn.

343 1136 499 1218 Pleraque
521 1136 555 1198 in
578 1135 721 1199 oratione
743 1134 865 1200 recenti
885 1137 960 1216 tua,
984 1137 1067 1218 quod
1091 1134 1130 1197 ad
1153 1136 1330 1199 sententias
1354 1138 1400 1198 at-

259 1240 359 1321 tinet,
384 1238 602 1303 animadverto
630 1237 761 1322 egregia
789 1259 873 1318 csse3
902 1259 1005 1319 pauca
1028 1237 1196 1300 admodum
1218 1258 1283 1300 uno
1304 1240 1399 1300 tenus
1486 1252 1489 1256 ’

259 1341 355 1403 verbo
378 1339 581 1423 corrigenda3
603 1338 751 1402 nonnihil
773 1338 935 1402 interdum
952 1336 1129 1401 elocutione
1145 1338 1271 1400 novella
1285 1361 1400 1421 parum

260 1444 434 1526 signatum.
479 1440 567 1516 Quae
590 1440 704 1504 melius
726 1440 830 1504 visum
853 1443 901 1504 est
923 1439 1142 1523 particulatim
1165 1439 1319 1503 scribere:
1353 1441 1400 1502 ita

260 1544 345 1606 enim
366 1543 493 1607 facilius
515 1544 694 1628 perpendes
717 1542 860 1626 singula,
891 1544 923 1605 et
950 1527 1028 1604 satis
1057 1541 1209 1625 temporis
1238 1542 1278 1604 ad
1300 1541 1399 1624 inspi-

260 1645 406 1708 ciendum
428 1646 579 1729 habebis,
603 1648 639 1709 ut
661 1645 715 1728 qui
737 1644 883 1727 plurimis
905 1642 1045 1728 negotiis
1075 1645 1131 1707 aut
1153 1643 1286 1726 agendis
1309 1664 1413 1708 occu·
1446 1716 1449 1723 .

257 1751 352 1829 patus
376 1747 419 1810 sis
443 1751 498 1810 aut
521 1748 601 1811 actis
625 1747 777 1810 defessus.
1348 1766 1350 1769 ·

342 1848 447 1932 Igitur
469 1849 503 1911 in
525 1847 709 1932 prohoemio
732 1870 812 1928 quae
835 1848 965 1932 egregie
981 1850 1046 1911 ate
1062 1847 1148 1911 dicta
1162 1851 1282 1931 putem,
1307 1871 1400 1933 quae-

259 1938 320 2033 que
347 1949 483 2012 arbitrer
512 1950 719 2034 corrigenda,
754 1949 867 2012 scribsi
900 1948 971 2013 tibi.
1022 1947 1222 2031 Scripturum
1251 1950 1401 2033 deinceps

259 2072 317 2135 pro
340 2072 446 2114 amore
468 2051 503 2113 in
527 2050 591 2135 l¹te
613 2073 684 2114 meo
707 2052 831 2115 confide
855 2053 970 2134 cetera.
1005 2050 1114 2128 Prima
1136 2072 1213 2134 ergo
1235 2073 1309 2134 pars
1332 2054 1401 2115 tota

260 2152 394 2215 mirifica
417 2154 481 2234 est,
509 2152 618 2215 multis
642 2156 681 2216 et¹
696 2153 849 2237 gravibus
871 2154 1043 2216 sententiis
1065 2152 1199 2233 referta,
1228 2152 1262 2215 in
1285 2153 1400 2236 quibus

260 2254 394 2319 eximiae
417 2256 493 2316 sunt
517 2303 523 2316 .
550 2303 557 2316 .
583 2303 590 2316 .
616 2302 623 2317 .
676 2253 710 2318 si
732 2257 819 2318 recte
844 2302 852 2318 .
878 2304 884 2317 .
911 2304 918 2317 .
942 2276 1005 2338 quo
1027 2276 1145 2339 genere
1169 2253 1248 2318 Cato
1273 2305 1279 2318 .
1306 2306 1312 2318 .
1338 2278 1401 2318 ser-

259 2359 308 2419 tes
333 2405 339 2417 .
366 2405 373 2418 .
402 2355 544 2438 primis.
571 2406 577 2418 .
603 2407 610 2420 .
640 2359 672 2419 et
693 2356 754 2419 hoc
782 2377 901 2440 genere
926 2406 932 2419 .
959 2407 966 2420 .
995 2356 1177 2419 moderatae
1200 2359 1234 2420 et
1258 2408 1264 2421 .
1291 2408 1297 2420 .
1321 2379 1399 2421 non-

260 2456 348 2520 nullo
373 2507 380 2520 .
407 2507 413 2519 .
438 2478 516 2521 esse.
548 2456 582 2521 si
604 2479 700 2541 parco
721 2459 753 2521 et
777 2480 850 2521 cum
872 2457 1031 2542 dignitate
1056 2508 1063 2521 .
1090 2508 1096 2520 .
1123 2508 1130 2520 .
1161 2458 1264 2522 Multo
1287 2458 1400 2522 deinde

260 2561 388 2642 gravior
410 2561 443 2621 et
465 2559 603 2622 severior
625 2559 795 2623 subiuncta
819 2610 827 2622 .
854 2610 860 2623 .
886 2610 893 2623 .
919 2610 926 2622 .
972 2558 1005 2624 si
1027 2557 1110 2621 nihil
1135 2610 1141 2623 .
1163 2610 1196 2623 ..
1221 2560 1313 2623 nobis
1335 2561 1401 2643 opi-

260 2661 366 2724 nionis
390 2710 796 2726 .............
822 2661 899 2745 1²..
945 2660 1127 2745 Iralatum,
1156 2665 1225 2725 tum
1253 2713 1260 2725 .
1286 2712 1293 2724 .
1320 2712 1327 2725 .
1351 2684 1401 2725 res

259 2763 306 2825 ita
328 2760 539 2850 impulelrint]
565 2812 572 2827 .
598 2814 605 2826 .
632 2814 639 2828 .
663 2764 783 2828 vincam.
828 2764 938 2827 Inesse
962 2813 969 2826 .
996 2813 1002 2825 .
1027 2764 1116 2826 muni
1145 2814 1152 2826 .
1182 2766 1245 2827 .te
1270 2813 1276 2825 .
1303 2814 1310 2827 .
1334 2786 1401 2827 ver-

260 2886 329 2927 sum
352 2886 369 2927 e
393 2914 400 2927 .
427 2915 433 2927 .
457 2867 521 2928 ent.
567 2865 715 2929 Alterum
736 2866 917 2949 proprium,
953 2878 1082 2948 comes3'
1107 2865 1243 2928 alterum
1265 2866 1401 2928 transla-

259 2968 339 3047 tum,
363 2966 478 3048 opifex.
508 2964 620 3050 Neque
643 2966 709 3030 ulla
730 2951 835 3030 verbis
856 2966 928 3030 istis
950 2965 1036 3029 inter
1057 2989 1091 3030 se
1114 2966 1294 3030 communio
1316 2967 1403 3030 inest

260 3088 363 3149 neque
390 3067 624 3150 propinquitas.
670 3067 813 3132 Offendit
839 3068 940 3150 igitur
969 3089 1061 3130 aures
1088 3069 1244 3152 ingruens
1273 3069 1402 3131 diversi-

261 3167 331 3230 tas3
369 3170 427 3230 nat
456 3216 463 3230 .
490 3217 530 3240 .,.
560 3191 671 3252 sapere
701 3220 708 3233 .
734 3219 740 3232 .
771 3169 875 3232 tissim
904 3217 911 3232 .
943 3217 950 3231 .
1003 3166 1195 3255 ⁸Sallustius⁴
1225 3219 1232 3232 .
1258 3219 1265 3232 .
1295 3176 1403 3248 quique

262 3290 363 3347 maara,
388 3280 498 3347 uentre,
521 3291 598 3349 peae
620 3275 698 3335 boaa
718 3277 823 3350 patria
846 3277 1045 3334 laceraverat.

346 3369 444 3433 Vides
471 3367 627 3454 quantum
656 3371 864 3436 similitudine
890 3373 1059 3438 verbomm
1084 3373 1205 3437 formae
1234 3373 1402 3437 adsecutus

262 3473 313 3553 sn,
339 3474 374 3534 ut
397 3472 527 3536 verbum
549 3476 760 3557 postremum,
785 3496 978 3557 quamquam
999 3497 1113 3558 panum
1135 3475 1301 3559 pudicum,
1336 3497 1402 3539 non

260 3574 445 3637 indecorum
467 3596 535 3637 esse
557 3575 717 3639 videatur:
740 3576 811 3639 ideo
834 3575 972 3657 scilicet,
997 3577 1080 3659 quod
1105 3626 1112 3639 .
1139 3578 1263 3640 ‚verba
1285 3578 1402 3641 similia

260 3667 468 3758 praecedant]
490 3674 580 3750 Quod
592 3677 618 3739 si
630 3678 677 3740 ita
688 3677 766 3741 haec
782 3677 880 3742 verba
893 3680 1005 3741 contra
1018 3678 1164 3742 dixisset:
1187 3678 1303 3762 quique
1320 3701 1402 3762 pene

260 3777 345 3839 bona
372 3777 479 3860 patria
501 3777 713 3862 laceraverat,
744 3779 867 3842 indita⁵
889 3779 1071 3844 obscenitas
1099 3781 1205 3844 verbis
1233 3784 1403 3864 appareret

263 3929 269 3941 .
296 3928 303 3942 .
333 3882 400 3943 trat
429 3929 435 3942 .
463 3929 469 3942 .
500 3879 545 3944 eis
575 3929 582 3943 .
609 3931 615 3944 .
648 3878 782 3968 [ventre]
812 3903 911 3945 manu
939 3882 1084 3946 veneress.
1135 3882 1186 3945 Ad
1216 3933 1223 3946 .
1254 3932 1262 3946 .
1292 3905 1402 3967 aures3

260 4023 456 4033 --—-——-

348 4088 360 4132 l
379 4081 480 4149 Incipit
498 4080 563 4135 (lod.
583 4100 610 4151 p.
630 4088 688 4143 375,
707 4083 783 4136 cuius
802 4083 879 4138 nulla
895 4082 1015 4152 vestigia
1031 4084 1115 4138 hodie
1133 4085 1288 4154 supersunt.

346 4171 361 4217 2
379 4165 480 4234 Incipit
498 4165 563 4220 Cod.
583 4185 610 4236 p.
630 4171 692 4233 384,
711 4166 786 4220 cuius
802 4167 911 4222 ineerta
927 4169 992 4222 sunt
1008 4167 1136 4238 vestigia.

346 4257 361 4302 3
379 4248 554 4303 Heindorfius
571 4252 682 4320 supplet
697 4256 806 4318 foratae.

345 4331 488 4387 rtatim.
509 4352 531 4387 c.
552 4339 592 4388 14.

346 4423 361 4469 5
380 4417 485 4477 Codex:
503 4424 608 4475 inedita.
645 4419 674 4473 C.
693 4419 723 4472 F.
745 4421 787 4473 W.
807 4420 939 4476 Mullorus
957 4422 986 4474 in
1004 4423 1103 4476 Annal.
1123 4421 1295 4476 Fleckeiseni
1314 4423 1402 4478 XCIII

261 4519 287 4568 p.
306 4505 357 4554 490
375 4502 481 4555 mavult
503 4509 586 4556 insita.
622 4503 665 4557 R:
687 4509 802 4571 foeditas
824 4511 947 4560 obsceaae
965 4513 1033 4560 voca
1050 4518 1199 4575 appareret.
1236 4510 1403 4562 Battmaanus

261 4585 433 4639 Ecksteinius
460 4586 620 4641 dubitanter
643 4587 755 4642 coniicit
777 4596 901 4646 iaaadita.
935 4590 1012 4643 Idem
1035 4590 1064 4644 in
1085 4589 1274 4660 superioribus
1292 4594 1403 4662 supplet

262 4676 330 4738 qaod
344 4669 375 4722 id
391 4675 468 4724 cerba
484 4692 507 4726 s.
525 4694 551 4740 p.

345 4754 445 4808 send.
469 4755 579 4810 videtur
601 4756 705 4812 habere
731 4765 825 4814 venire.
862 4763 956 4813 Maias.
997 4761 1085 4814 Immo
1111 4774 1212 4827 ventre,
1239 4780 1305 4816 nam
1328 4764 1402 4831 quod

260 4840 349 4907 primo
367 4840 428 4894 loco
446 4850 534 4895 ventre
552 4840 646 4910 posuit
661 4842 765 4910 Maius,
782 4845 888 4899 temere
907 4844 1003 4900 fecisse
1020 4844 1138 4901 videtur.
