3300 5950
605 1590 1045 1673 PROLEGOMENA.

763 1778 889 1785 ...—

339 1892 427 1967 Quod
449 1895 593 1955 veterum
608 1893 798 1974 scriptorum
820 1891 996 1955 editoribus
1020 1893 1150 1956 concedi
1172 1894 1263 1978 solet,
1288 1898 1324 1958 ut
1347 1916 1397 1958 co·

253 1996 342 2077 piose
365 1994 534 2075 disserant,
558 2015 654 2077 quam
676 1978 807 2077 egregia
830 1994 937 2056 omnia
953 1993 1019 2056 sint
1035 1994 1070 2057 in
1092 2016 1197 2078 opere,
1222 1996 1307 2079 quod
1328 2018 1397 2059 sus·

256 2096 400 2177 ceperint
423 2095 657 2157 emendandum
679 2096 728 2157 vel
750 2094 940 2176 ornandum,
965 2094 1121 2177 equidem,
1146 2096 1221 2158 dum
1242 2119 1284 2159 ne
1306 2118 1398 2179 prae-

255 2199 304 2259 ter
325 2196 452 2259 modum
475 2196 509 2258 id
530 2195 597 2277 fiat,
622 2216 687 2257 non
709 2194 907 2277 reprehendo
923 2198 955 2257 et
978 2195 1097 2279 aliquid
1120 2196 1259 2260 dandum
1284 2218 1398 2261 censeo

254 2297 337 2360 iusto
358 2300 529 2379 parentum
552 2295 661 2376 amori,
685 2297 739 2378 qui
761 2295 933 2358 liberorum
955 2296 1090 2360 virtutes
1113 2298 1265 2361 extollere
1288 2302 1398 2362 ament

254 2401 287 2461 et
318 2398 469 2461 naevulos
504 2401 559 2461 aut
592 2397 851 2481 praetervideant
888 2399 944 2459 aut
977 2396 1188 2462 dissimulent.
1248 2400 1395 2464 Abutan-
1421 2451 1425 2460 .

253 2502 307 2562 tur
333 2499 410 2562 licet
445 2498 582 2562 artificio
610 2498 763 2581 quodam,
797 2499 832 2559 at
865 2519 960 2560 causa
992 2497 1128 2561 honesta
1157 2503 1206 2563 est
1239 2504 1271 2564 et
1303 2502 1398 2565 venia

255 2600 359 2663 danda
381 2600 458 2681 erit,
482 2600 509 2662 si
530 2600 613 2662 forte
635 2598 830 2682 perfecerint
852 2602 888 2662 ut
909 2600 1013 2683 magis
1035 2600 1243 2665 innotescant
1264 2602 1397 2685 scripto-

254 2723 319 2783 res,
343 2701 457 2784 quibus
479 2702 607 2783 patroni
630 2700 819 2763 obvenerint
842 2703 875 2763 et
896 2699 1061 2784 elegantes
1084 2704 1123 2764 et
1138 2702 1309 2786 ingeniosi.

338 2802 450 2884 Itaque
481 2802 619 2864 maxime
651 2800 765 2864 vellem
798 2800 878 2863 mihi
912 2802 1117 2885 contigisset,
1151 2804 1235 2885 quod
1267 2805 1396 2888 Angelo

255 2902 350 2986 Maio,
373 2906 410 2966 ut
432 2925 547 2966 novam
569 2902 742 2965 editionem
764 2902 923 2986 auspicari
944 2925 1070 2986 possem
1092 2903 1133 2966 ab
1147 2904 1270 2988 insigni
1293 2904 1396 2988 laude,

255 3027 349 3088 quam
371 3005 491 3068 Fronto
518 3005 603 3068 inter
624 3003 786 3067 Romanos
814 3006 956 3067 oratores
984 3005 1146 3068 meruerit.
1198 3004 1292 3088 Novi,
1322 3006 1398 3089 quid

255 3107 293 3169 de
326 3106 392 3170 eius
427 3106 606 3169 admirabili
641 3105 821 3188 eloquentia
850 3105 998 3188 aequales
1026 3105 1201 3169 iudicarint
1224 3109 1257 3169 et
1277 3107 1396 3190 posteri

254 3207 350 3271 nimis
371 3207 466 3271 facile
490 3207 698 3288 crediderint,
733 3206 803 3288 sed,
837 3207 957 3289 fateor,
991 3205 1164 3270 Frontonis
1192 3206 1342 3271 flosculos
1364 3210 1397 3271 et

255 3309 414 3393 imagines
437 3312 470 3372 et
490 3309 604 3372 inanes
625 3308 763 3371 tinnitus
791 3329 857 3370 non
881 3328 952 3370 amo
975 3310 1017 3390 et,
1041 3307 1068 3370 si
1091 3329 1202 3372 verum
1224 3308 1394 3373 dicendum

256 3413 314 3492 est,
339 3405 518 3473 contemno
563 3409 742 3473 Profuisset
763 3408 902 3473 hominis
931 3409 1176 3491 existimationi,
1207 3410 1235 3473 si
1263 3431 1395 3492 operum

254 3511 406 3594 reliquiae
428 3510 622 3574 ecodicibus
644 3510 860 3593 palimpsestis
881 3532 1056 3594 numquam
1072 3513 1181 3573 erutae
1202 3510 1341 3574 fuissent
1363 3514 1395 3573 et

254 3612 310 3674 illa
332 3616 394 3695 est,
419 3615 456 3675 ut
477 3613 605 3696 opinor,
636 3634 702 3675 una
724 3613 866 3675 omnium
888 3612 1028 3674 virorum
1051 3611 1216 3674 doctorum
1238 3633 1315 3694 vox,
1339 3633 1397 3695 pro

254 3713 419 3796 thesauro,
456 3735 550 3797 quern
584 3734 677 3776 caeco
704 3713 802 3795 prolis
832 3734 939 3775 amore
966 3712 1071 3775 Maius
1099 3712 1135 3775 in
1163 3713 1235 3775 sinu
1262 3713 1396 3793 foveret,

255 3799 358 3879 meros
392 3815 545 3879 carbones
580 3836 648 3877 esse
680 3814 839 3877 inventos
884 3813 986 3888 Quam
1018 3834 1125 3876 19111111
1152 3814 1246 3896 inops
1276 3813 1397 3876 Fronto

256 3916 313 3997 sit,
336 3915 400 3979 nisi
422 3937 517 3999 opere
539 3915 698 3999 perlecto,
722 3937 816 3978 nemo
840 3915 955 3978 credet.
995 3913 1182 3978 Sententiae
1203 3936 1308 3998 neque
1331 3935 1396 3978 cre-

256 4016 332 4079 brae
355 4019 387 4079 et
408 4017 533 4100 futiles3
557 4016 713 4100 plurimae
735 4016 903 4099 imagines,
928 4016 982 4078 sed
1000 4014 1142 4078 insulsae
1157 4017 1190 4079 et
1204 4015 1305 4078 nimia
1328 4018 1397 4078 arte

255 4117 432 4201 quaesitae3
465 4118 501 4180 in
528 4118 695 4182 verborum
721 4117 846 4180 delectu
867 4116 980 4200 putida
1003 4116 1171 4200 diligentia
1199 4118 1232 4178 et
1253 4118 1397 4178 veterum

255 4217 487 4301 Romanorum,
512 4220 566 4302 qui
590 4221 664 4282 ante
688 4218 874 4283 Ciceronem
895 4217 1087 4299 floruerunt,
1110 4216 1196 4280 haud
1218 4217 1297 4279 satis
1320 4220 1397 4300 apta

255 4320 403 4383 imitatio.
434 4318 524 4393 Quod
539 4320 665 4383 confert
686 4320 726 4382 ad
749 4319 952 4402 antiquitatis
974 4319 1134 4400 notitiam,
1157 4318 1260 4401 primo
1282 4318 1397 4381 obtutu
1479 4326 1483 4333 ’

257 4423 342 4484 certe
363 4442 430 4483 non
451 4443 605 4506 magnum
626 4421 761 4484 videtur.
806 4420 943 4484 Dicendi
974 4442 1076 4504 genus
1105 4440 1199 4482 nemo
1228 4419 1396 4483 admirabi-

255 4525 318 4604 tur,
341 4543 435 4585 nemo
450 4525 609 4606 sequetur.
640 4521 748 4585 Verba
762 4521 908 4584 venditat
922 4524 955 4584 et
969 4542 1061 4584 voces
1077 4523 1110 4584 et
1124 4523 1289 4604 praeterea
1303 4519 1395 4583 nihil.

339 4622 403 4686 Hic
429 4624 498 4688 fore
521 4625 664 4707 suspicor
687 4624 741 4706 qui
763 4623 938 4705 mirentur,
973 4644 1030 4686 cur
1058 4623 1283 4686 constituerim·
1298 4620 1397 4684 talem

255 4726 443 4808 scriptorem
476 4725 674 4808 potissimum
707 4724 813 4805 edere,
850 4725 904 4807 qui
932 4727 1043 4787 nostra
1072 4745 1147 4786 cura
1176 4726 1209 4786 et
1238 4721 1397 4785 industria

1152 4824 1194 4887 a*
