3300 5950
295 775 356 836 218
539 772 573 824 M.
594 770 762 824 CORNELII
784 770 990 825 PRONTONIS
1012 770 1187 826 EPISTULA

295 943 427 1005 drianoa
466 940 634 1023 imperium
674 941 840 1024 optinente
876 944 1032 1025 quantum
1064 942 1202 1006 militum
1229 966 1248 1006 a
1275 944 1429 1026 Iudaeis¹‚

294 1046 449 1125 quantum
472 1042 512 1105 ab
534 1041 702 1106 Britannis
728 1042 897 1106 caesuml?
939 1042 1035 1106 Patre
1057 1043 1154 1107 etiam
1181 1046 1307 1109 vestrob
1334 1046 1430 1129 impe-

294 1146 386 1208 rante
408 1143 462 1228 qui
485 1143 627 1206 omniurn
648 1144 830 1227 principum
858 1192 1263 1210 .............
1277 1193 1279 1195 ψ
1290 1196 1428 1211 .....

296 1292 565 1310 .........
576 1244 600 1324 13
624 1295 635 1332 ,θ
657 1294 663 1308 .
689 1294 696 1307 .
742 1243 776 1309 Si
807 1244 914 1308 Marso
946 1244 1016 1328 quis
1045 1248 1137 1328 patre
1169 1249 1264 1310 natus
1292 1250 1428 1331 viperas,

294 1347 430 1410 lacertas
453 1346 824 1428 etnatriees⁴ti1ueret
848 1366 955 1410 nonne
971 1346 1166 1431 degenerare
1182 1348 1363 1412 videretur?
1388 1398 1394 1411 .
1421 1398 1428 1412 .

296 1496 668 1512 ............
677 1448 702 1527 ἱῧ
726 1496 733 1511 .
759 1497 766 1511 .
792 1496 799 1511 .
825 1496 833 1510 .
860 1497 867 1511 .
893 1462 919 1510 .ss
948 1448 1091 1530 pauculis
1126 1448 1237 1512 diebus
1269 1450 1304 1513 in
1332 1450 1428 1513 fascis

293 1552 451 1631 tenentur,
475 1548 522 1612 illi
544 1548 579 1612 in
600 1550 717 1632 pannis
742 1599 748 1612 .
775 1550 801 1613 κθ
824 1551 900 1612 sunt
922 1570 1048 1612 omnem
1071 1551 1218 1613 aetatem.

378 1650 490 1733 Itaque
513 1650 614 1713 bonus
636 1649 690 1713 ille
712 1650 886 1739 imperator
910 1700 917 1713 .
943 1700 950 1713 .
976 1700 983 1713 .
1008 1651 1116 1714 venire
1139 1652 1281 1734 captivos
1299 1652 1429 1716 iubebat

182 1815 184 1820 ,
297 1751 464 1815 ...sint
485 1751 634 1835 ingratiis
662 1750 738 1835 quid
761 1773 837 1835 ege,
866 1752 983 1834 quippe
1011 1752 1061 1815 eui
1085 1802 1092 1816 .
1117 1802 1124 1815 .
1149 1752 1198 1815 sin
1223 1802 1230 1816 .
1256 1802 1263 1816 .
1289 1802 1295 1815 .
1322 1802 1328 1815 .
1352 1775 1429 1816 num

197 1900 208 1913 .
294 1875 354 1916 me.
378 1851 523 1915 Piscibus
539 1853 570 1915 in
589 1853 696 1916 caudis
712 1853 778 1916 est⁷
796 1902 894 1917 .....
908 1843 928 1935 ζ,
954 1852 1064 1917 avibus
1079 1854 1114 1917 in
1128 1853 1248 1937 pinnis
1272 1853 1429 1937 anguibus

294 1954 442 2037 serpendi
463 1954 542 2017 vid.
569 2003 575 2016 .
601 2001 609 2017 .
633 1954 716 2037 quod
738 1954 808 2037 quis
825 2002 1426 2018 ...................

296 2104 435 2119 .....
460 2051 1068 2139 IS
1117 2054 1161 2117 Et
1197 2054 1331 2139 gloriam
1366 2054 1428 2119 Ro-

293 2157 381 2219 mani
411 2156 549 2219 nominis
576 2156 817 2238 restituendam,
852 2159 884 2219 et
914 2157 1046 2220 insidias
1073 2155 1262 2238 fraudesque
1289 2156 1428 2219 hostium

295 2308 302 2321 .
329 2307 336 2321 .
362 2308 369 2321 .
392 2280 473 2341 quae
510 2260 693 2342 comparata
722 2307 729 2320 .
755 2308 762 2321 .
791 2258 928 2321 vendere
960 2256 1078 2342 nugaci
1108 2306 1115 2320 .
1142 2306 1148 2320 .
1174 2257 1318 2321 consulta
1353 2262 1429 2322 sunt

293 2362 360 2422 tam
384 2408 391 2421 .
417 2408 424 2422 .
449 2381 508 2422 con
538 2408 545 2422 .
571 2408 578 2422 .
602 2359 669 2422 iure
697 2359 903 2443 meritoque.
930 2408 937 2422 .
961 2380 1064 2442 neque
1093 2408 1100 2422 .
1126 2408 1133 2421 .
1158 2361 1273 2423 vocent
1299 2362 1428 2441 paratos

292 2460 452 2544 progredi,
476 2481 650 2541 remanere,
674 2481 778 2543 porro,
802 2463 897 2542 retr0‚
926 2459 990 2541 ilie,
1020 2450 1131 2543 isnell
1174 2459 1428 2543 Haudquaquam

293 2561 371 2624 utile
393 2564 442 2624 est
463 2561 585 2625 homini
607 2564 684 2624 nato
699 2582 749 2625 res
764 2582 933 2645 prosperas
948 2564 1101 2644 perpetuo
1117 2561 1257 2624 evenire:
1279 2560 1427 2624 fortunae

293 2662 400 2725 variae
422 2662 525 2745 magis
548 2665 636 2725 tutae
644 2675 664 2725 ⁰.
704 2668 757 2727 Est
771 2668 910 2741 exemplo
932 2667 1108 2742 Polycrates
1129 2666 1301 2725 Samiorum
1323 2672 1425 2741 lyren-

293 2785 349 2827 nus
375 2769 546 2841 inpendens
567 2764 759 2843 praeditus¹⁰
787 2763 900 2846 opibus
923 2759 955 2826 et
977 2764 1119 2826 omnium
1142 2783 1356 2846 quaecumque
1379 2762 1426 2825 in·

376 2965 393 3003 a
411 2952 444 3002 In
461 2954 585 3018 margine:
603 2949 644 3003 De
662 2946 812 3002 Hadriano.

376 3035 394 3087 b
412 3038 446 3087 In
463 3040 587 3101 margine:
605 3032 743 3087 Antonino
761 3032 820 3087 Pio.

269 3115 282 3137 ‘
376 3134 391 3172 o
408 3122 441 3171 Iu
459 3123 582 3186 murpine:
601 3117 642 3171 De
660 3118 827 3172 Parthorum
843 3116 911 3171 belli
927 3132 1012 3170 more.

378 3202 396 3254 d
413 3207 447 3254 ln
464 3207 587 3270 merpine:
608 3242 614 3254 .
628 3241 634 3253 .
646 3201 656 3252 i
667 3200 789 3269 piscibus
801 3232 834 3239 -
846 3201 952 3266 avibus,
965 3205 991 3254 in
1000 3199 1090 3268 pinnis
1103 3200 1239 3269 anguibus
1251 3201 1378 3270 serpendi
1390 3200 1424 3255 vi.

376 3303 390 3340 e
408 3290 442 3338 ln
460 3291 584 3352 ruerpine:
607 3285 830 3352 Haudquaquam
847 3284 914 3338 utile
932 3283 1087 3338 homini-
1105 3285 1191 3342 tutae.

293 3394 492 3403 *η-

377 3462 389 3508 1
408 3455 450 3508 De
462 3456 514 3508 hae
524 3454 601 3507 clade
614 3454 650 3507 ab
662 3453 771 3507 Iudaeis
782 3453 1078 3519 murannimal..
1092 3453 1310 3508 Zonarale.23.
1331 3460 1425 3508 Melus.

375 3546 390 3591 2
408 3540 509 3606 Ignota
527 3540 587 3592 erat
603 3538 674 3592 haee
691 3536 852 3592 Britannica
874 3538 977 3604 clades,
1003 3537 1057 3591 nisi
1080 3538 1154 3604 quod
1177 3536 1269 3606 Spart.
1289 3538 1318 3590 in
1339 3539 1424 3592 Hadr.

292 3641 313 3676 e.
334 3629 349 3677 5
368 3623 408 3676 ait
425 3622 573 3676 Britannos
591 3621 681 3676 teneri
699 3637 731 3676 eo
749 3623 876 3691 tempore
894 3623 945 3676 sub
963 3638 1080 3677 romana
1097 3621 1201 3676 ditione
1219 3639 1275 3676 non
1292 3623 1423 3699 potuisse.

209 3767 211 3771 ⁸
291 3712 386 3762 Mutuo.

375 3798 391 3845 3
409 3789 537 3857 Sequitur
556 3790 621 3844 Cod.
641 3809 668 3860 p.
687 3796 737 3845 235
761 3808 822 3844 curn
839 3790 921 3845 unica
938 3789 1077 3844 sententia
1092 3791 1122 3843 in
1139 3790 1272 3858 margine.

374 3880 391 3928 4
408 3873 497 3928 Maius
516 3875 623 3928 confert
641 3874 764 3929 Solinum
782 3892 804 3928 o.
824 3881 848 3929 2.

375 3965 390 4013 5
408 3959 478 4012 Hine
496 3959 567 4013 duae
585 3959 705 4028 paginae
722 3959 752 4012 in
770 3957 871 4013 Codice
889 3959 997 4013 desunt.
1023 3957 1154 4027 Sequitur
1171 3977 1198 4028 p.
1212 3964 1260 4014 ‘231
1281 3977 1351 4028 quae
1369 3960 1426 4028 legi

291 4043 394 4113 nequit.
431 4044 530 4112 Incipit
546 4062 572 4112 p.
593 4051 655 4110 232,
672 4042 701 4097 in
719 4060 774 4110 qua
790 4060 881 4113 pauca
897 4044 955 4112 legi
971 4045 1094 4112 possunt.

375 4135 390 4181 6
407 4128 513 4181 Desunt
530 4127 601 4181 duae
619 4126 738 4182 litterae.
773 4128 816 4181 An
834 4130 950 4197 clepunt?

258 4211 263 4221 '
374 4218 389 4266 7
408 4211 461 4265 Sex
478 4211 536 4266 fere
553 4211 663 4266 litterae
680 4211 831 4280 perierunt.

374 4296 507 4365 Sineipit
525 4295 591 4348 Cod.
610 4313 637 4364 p.
657 4301 714 4362 228,
732 4296 825 4351 lacera
843 4299 871 4350 et
889 4298 1014 4351 obscura.

374 4379 508 4450 elneipit
531 4379 597 4433 Cod.
619 4397 646 4448 p.
665 4385 727 4447 227,
751 4381 882 4446 obscura3
908 4397 999 4449 pauca
1021 4380 1086 4433 sunt
1103 4395 1174 4447 quae
1193 4379 1311 4433 conferri
1328 4382 1424 4449 potue·

289 4466 361 4518 runt.
397 4465 539 4518 Interdum
557 4463 655 4518 dubito
674 4464 708 4520 de
726 4464 779 4518 fide
798 4466 828 4518 et
844 4464 945 4533 peritia
961 4463 1035 4518 Maii.
1342 4477 1346 4485 ‘

358 4554 389 4602 10
407 4549 438 4600 In
459 4548 512 4602 hae
533 4550 638 4617 pagina
664 4549 857 4618 supplementa
881 4549 949 4603 Maii
974 4547 1155 4617 expressimus
1180 4546 1281 4602 litteris
1310 4548 1422 4602 Italicis.

290 4632 476 4685 Heindorfius:
506 4638 543 4686 Et
564 4638 652 4702 opibus
674 4645 699 4688 el
721 4640 825 4688 amisium
843 4653 1010 4703 pomeremque
1032 4638 1188 4693 intenderet,
1211 4638 1266 4686 sine
1283 4639 1423 4701 offensione

289 4716 449 4783 Polycrates
470 4723 564 4783 protilos
586 4722 648 4771 rrilzil
663 4724 689 4771 in
707 4728 791 4772 aetate
811 4748 842 4760 -
860 4737 916 4773 esse
934 4722 1033 4777 dicitur.
1069 4714 1124 4771 Sed
1146 4732 1202 4770 non
1225 4717 1293 4770 satis
1316 4719 1423 4772 constat

290 4799 338 4854 ubi
359 4799 387 4853 in
406 4798 505 4854 Codice
527 4801 610 4854 fuerit
626 4802 731 4856 lacuna.
