3300 5950
211 801 217 809 ¹
287 785 328 855 82
497 783 533 844 Μ.
548 780 716 846 CORNELII
733 782 940 847 PRONTONIS
958 782 1213 848 EPISTULARUM

171 1037 175 1043 .
286 959 352 1046 dor,
386 966 541 1046 quantam
562 963 765 1027 vexationem
785 964 847 1028 tibi
868 964 929 1028 iste
952 938 1041 1028 dolor
1063 965 1187 1028 adferre
1209 965 1320 1050 soleat,
1355 988 1426 1051 gra-

284 1065 447 1129 vissimam
479 1065 727 1129 sollicitudinem
762 1066 878 1149 patior.
928 1065 988 1131 Sed
1022 1088 1073 1130 me
1100 1067 1196 1149 levat,
1225 1068 1426 1151 quodspero
1454 1086 1473 1109 ¹
1540 1159 1544 1169 ¹

283 1165 338 1229 illo
361 1168 475 1251 spatio,
510 1189 572 1250 quo
599 1168 820 1251 perferebatur
849 1167 929 1232 huc¹
963 1168 1107 1251 nuntius,
1142 1170 1282 1252 potuisse
1317 1170 1425 1232 cedere

282 1266 434 1331 fomentis
457 1272 488 1332 et
510 1270 657 1333 remediis
680 1291 807 1333 omnem
829 1269 919 1333 illam
941 1270 1005 1333 vim
1028 1270 1154 1333 doloris.
1199 1269 1266 1333 Nos
1289 1271 1425 1334 aestivos

284 1370 403 1434 calores
432 1370 535 1435 adhuc
565 1372 761 1454 experimur:
791 1372 846 1435 sed
869 1394 941 1436 cum
962 1371 1112 1455 parvolae
1134 1375 1279 1455 nostrae,
1308 1373 1424 1435 dixisse

212 1474 214 1477 ⁴
281 1471 387 1555 liceat,
413 1465 574 1536 commode
595 1473 735 1557 valeant,
765 1495 853 1537 mera
881 1473 1069 1537 salubritate
1092 1476 1124 1537 et
1145 1495 1244 1537 verna
1271 1476 1424 1557 temperie

279 1573 344 1636 frui
366 1595 425 1637 nos
448 1574 686 1639 existimamus.⁴
720 1574 801 1638 Vale
823 1575 867 1637 mi
890 1575 1009 1659 optime
1031 1576 1195 1659 magister.

625 1744 709 1810 XX.
732 1742 791 1810 35.
825 1743 977 1810 Domino
999 1745 1085 1811 Meo.

363 1877 453 1945 Patri
475 1886 531 1946 tuo
552 1881 605 1945 fac
628 1885 741 1945 notum
763 1881 803 1944 de
822 1880 1011 1944 infirmitate
1032 1902 1113 1944 mea.
1147 1881 1202 1945 An
1224 1904 1274 1945 me
1297 1904 1420 1967 quoque
1442 1887 1445 1892 ’

279 1984 415 2047 scribere
438 1984 467 2048 ei
490 1984 729 2075 debereqputes
755 1982 857 2046 scribe
880 1981 969 2045 mihi.

443 2173 445 2178 ·
533 2193 536 2198 -
581 2217 584 2221 Α
615 2133 720 2218 XXI.
744 2151 800 2218 36.
835 2152 1078 2234 Rescriptum.

361 2289 488 2373 Statim,
512 2290 556 2352 mi
578 2289 743 2373 magister,
767 2288 918 2352 indicabo
940 2288 1078 2351 Domino
1101 2310 1170 2351 meo
1192 2290 1419 2353 necessitatem

275 2391 382 2469 huius,
396 2390 513 2474 quietis
545 2394 636 2453 tuae:
670 2390 765 2454 velim
797 2394 907 2454 tamen
935 2393 968 2454 et
999 2412 1018 2452 a
1044 2392 1077 2453 te
1105 2390 1210 2453 scribi.
1256 2389 1337 2454 Vale
1374 2393 1418 2454 mi

273 2493 393 2577 optime
416 2496 449 2556 et
469 2492 695 2557 iucundissime
717 2492 880 2575 magister.

594 2660 801 2728 xxl1.37.
835 2661 987 2759 Domino
1008 2662 1095 2727 Meo.

359 2798 431 2882 Ego
453 2798 655 2883 prodormi12.
689 2797 860 2861 Materiam
881 2797 954 2861 misi
976 2797 1051 2861 tibi:
1074 2820 1125 2861 res
1148 2798 1231 2861 seria
1247 2802 1305 2862 est.
1336 2797 1429 2863 Con,

274 2901 324 2964 sul
345 2900 455 2985 populi
477 2901 611 2985 romani,
635 2900 741 2985 posita
762 2903 940 2983 praetexta,
964 2900 1124 2963 manicam
1145 2900 1261 2984 induit,
1292 2900 1416 2964 leonem

273 3005 359 3067 inter
392 3005 522 3068 iuvenes
556 3003 801 3088 quinquatribus
840 3002 998 3087 percussit
1030 3002 1148 3085 populo
1164 3024 1312 3070 ,romano
1347 3025 1416 3086 spe-

275 3109 393 3170 ctante.
437 3106 527 3189 Aput
561 3127 706 3170 censores
740 3104 922 3188 expostulat
930 3104 951 3168 ³.
970 3104 994 3189 l*
1008 3106 1245 3183 Διαεκεύαεον,
1271 3105 1414 3185 adiutor.
1455 3124 1457 3128 “

272 3207 354 3272 Vale
375 3207 512 3270 Domine
535 3206 744 3271 dulcissime⁵.
787 3205 961 3269 Dominam
983 3205 1096 3269 saluta.

592 3375 739 3440 xxm.
762 3374 818 3441 as.
853 3345 1096 3456 rescripturi.

357 3510 491 3586 Quando
519 3513 553 3576 id
573 3511 718 3576 factum?
747 3515 779 3575 et
807 3534 849 3574 an
871 3509 1016 3575 Romae?
1058 3509 1145 3574 Num
1171 3509 1250 3573 illud
1278 3511 1357 3574 dicis
1379 3511 1414 3573 in

273 3615 400 3678 Albano
421 3613 545 3677 factum
573 3615 631 3677 sub
658 3612 887 3677 Domitianol‘?
929 3611 1100 3676 Praeterea
1125 3612 1161 3674 in
1188 3611 1250 3675 hac
1279 3614 1414 3675 materia

271 3716 390 3780 diutius
405 3716 616 3779 laborandum
631 3718 690 3798 est,
704 3720 740 3779 ut
754 3715 877 3778 factum
893 3714 1050 3796 credatur,
1064 3735 1160 3796 quam
1175 3717 1211 3776 ut
1225 3714 1411 3777 irascatur7.

271 3819 440 3884 Ἀπίθανο(
464 3817 611 3882 duodeci(
637 3817 762 3881 videtur
788 3816 878 3899 mihi,
908 3816 991 3899 quod
1018 3814 1114 3898 plane
1136 3814 1308 3897 baluceisss,
1338 3821 1412 3899 qua-

271 3920 334 3983 lem
355 3919 520 4003 petieram.
565 3917 717 3984 Rescribe
740 3918 851 3983 statim
873 3918 911 3981 de
933 3921 1085 4000 tempore.

359 4097 372 4141 l
392 4087 496 4141 Codex:
516 4093 570 4142 loc.
605 4087 695 4142 Maius
713 4087 809 4142 scribit
825 4093 873 4142 bic.

356 4179 371 4226 2
389 4171 461 4225 Vide
480 4172 515 4225 ad
533 4172 659 4226 indicem.

357 4265 372 4311 3
390 4256 563 4326 Schopenus:
583 4265 769 4326 expostulatur.

355 4349 372 4395 4
389 4341 490 4410 Incipit
508 4342 573 4395 Cod.
593 4341 656 4397 Vct.
676 4361 703 4411 p.
718 4349 774 4397 101.

356 4433 371 4480 5
389 4426 541 4494 Perperam
558 4427 658 4481 Maius:
671 4432 859 4485 iucundissime.

358 4511 425 4564 sscf.
446 4509 519 4565 Suet.
539 4511 568 4564 in
585 4512 632 4565 vit.
653 4529 674 4565 c.
688 4518 712 4565 4.

356 4594 559 4669 7¹Schopen11s:
579 4607 709 4662 aupeutur.
1044 4664 1049 4672 .

354 4684 369 4731 8
387 4679 430 4732 Ita
448 4680 590 4733 evidenter
608 4679 708 4734 Codex.
740 4679 795 4733 Sed
813 4679 950 4754 quidhoc
966 4678 1082 4732 monstri
1100 4681 1159 4732 est?
1187 4678 1262 4732 lusto
1280 4679 1410 4734 audacius

270 4764 440 4833 Schopeuus:
460 4766 596 4819 ἀπίθανος
614 4767 744 4819 ὑπόθεει(
763 4771 862 4820 videtur
879 4769 944 4824 milri,
966 4779 1021 4816 non
1044 4763 1092 4817 ubi
1110 4763 1230 4817 clamare
1247 4763 1331 4817 liceat
1349 4785 1410 4832 qua-

269 4855 315 4904 lem
331 4856 463 4918 petieram.
499 4849 589 4915 Latet,
607 4851 639 4902 ut
657 4848 774 4931 pidetur,
792 4849 958 4903 vocabulum
976 4848 1121 4903 Graecum.
