3300 5950
495 758 544 810 AD
561 758 597 810 Μ.
617 756 838 813 ANTONINUM
856 757 904 810 DE
922 756 1162 823 ELOQUENTIA.
1341 763 1398 827 151

1355 901 1364 921 ί

343 929 425 992 Tum
452 929 479 991 si
508 929 634 1012 quando
656 929 717 992 tibi
739 929 880 1013 negotiis
904 928 1051 992 districto
1073 931 1254 1013 perpetuis¹
1287 932 1401 995 oratio-

258 1033 309 1096 nis
333 1030 584 1095 oonseribundae
606 1034 732 1114 tempus
756 1031 890 1114 deesset,
914 1051 1022 1094 nonne
1038 1034 1070 1094 te
1086 1031 1310 1095 tumultuaris²
1333 1033 1400 1115 qui-

259 1134 393 1197 busdam
415 1136 448 1195 et
469 1132 652 1196 lucrativis³
675 1132 854 1195 studiorum
883 1131 1009 1195 solaeiis
1039 1132 1232 1215 fulciebas³,
1263 1155 1401 1217 synony-

258 1236 319 1298 mis
343 1234 539 1318 colligendis,
564 1234 669 1297 verbis
690 1233 854 1297 interdum
869 1233 1087 1317 singularibus
1102 1234 1323 1317 requirendis?
1345 1236 1401 1297 ut⁴

258 1344 401 1400 veterum
428 1337 600 1418 commata,
635 1338 671 1398 ut
705 1335 795 1399 eola⁵
823 1336 1084 1419 synonimorumr
1114 1337 1238 1398 ratione
1272 1357 1401 1399 eonver-

258 1440 357 1520 teres,
381 1440 418 1501 ut
439 1437 477 1501 de
499 1436 683 1521 volgaribus
707 1437 885 1521 elegantia,
916 1438 954 1500 de
978 1437 1205 1501 contaminatis
1227 1458 1311 1501 nova
1333 1437 1400 1500 red-

258 1540 376 1621 deres0,
411 1539 586 1622 imaginem
614 1538 754 1621 aliquam
782 1539 1053 1622 accommodares,
1088 1539 1226 1623 figuram
1252 1538 1399 1621 inicereS,

256 1641 362 1724 priseo
385 1640 480 1703 verbo
497 1642 679 1723 adornares,
706 1640 842 1704 eolorem
857 1640 1057 1705 vetusculum
1073 1640 1274 1723 adpingeres.
1311 1640 1401 1705 Haee

256 1742 282 1804 si
305 1744 474 1824 propterea
497 1743 675 1806 contemnis
682 1792 690 1824 ,
724 1743 798 1825 quia
826 1742 982 1824 didicisti,
1011 1741 1248 1825 philosophiam
1277 1763 1401 1825 quoque

256 1842 406 1906 discendo
429 1845 624 1907 contemnes.

342 1942 402 2007 Sed
417 1966 483 2008 101
499 1968 537 2009 ea
551 1948 628 2008 sunt
648 1945 711 2008 ista
726 1966 807 2028 quae
829 1944 931 2028 possis
955 1946 1174 2007 contemnere:
1196 1944 1299 2025 possis
1322 1966 1399 2008 sane

256 2068 322 2110 non
345 2067 461 2108 amare.
491 2045 537 2109 Ut
559 2046 635 2109 olim
657 2046 790 2111 Crassus
812 2046 915 2110 tristis
938 2046 1037 2109 risum
1059 2046 1207 2128 oderat⁶;
1231 2048 1267 2109 ut
1288 2049 1399 2109 nostra

255 2147 308 2211 hio
331 2147 483 2214 memoria
505 2146 655 2211 Crassus⁷
670 2148 776 2211 lucem
796 2146 987 2231 fugitante
1010 2151 1046 2210 ut
1067 2150 1178 2211 nostra
1201 2147 1312 2211 itidem
1334 2170 1398 2210 me-

255 2248 356 2312 moria
383 2248 432 2311 vir
455 2249 630 2312 consularis
654 2270 782 2332 campos
804 2247 1015 2331 formidabat,
1044 2248 1226 2331 pomtinum
1249 2270 1398 2328 eampum

257 2399 653 2414 .............
665 2350 691 2433 18
716 2399 723 2412 .
750 2400 756 2413 .
782 2398 789 2413 .
836 2349 889 2412 An
918 2349 979 2412 tibi
1006 2371 1101 2432 saepe
1131 2399 1138 2412 .
1164 2400 1170 2413 .
1195 2350 1363 2433 supersit.
1389 2402 1395 2414 .

255 2456 363 2515 tamen
386 2451 412 2514 si
435 2451 568 2515 dixisses
590 2473 833 2535 nonnumquam
857 2501 863 2514 .
887 2501 895 2515 .
920 2451 998 2515 satis
1022 2449 1235 2516 consuluisses
1259 2502 1291 2515 ..
1319 2452 1347 2514 is
1363 2502 1395 2515 ..

255 2576 351 2637 supra
375 2604 381 2616 .
407 2604 413 2616 .
438 2552 541 2617 adhue
565 2604 571 2617 .
598 2602 605 2616 .
628 2552 765 2617 modum.
810 2552 931 2616 Verum
961 2553 1058 2616 etiam
1083 2574 1178 2635 saepe
1201 2553 1249 2616 vir
1272 2553 1397 2635 sapien-

250 2655 395 2718 tissimus
419 2705 425 2718 .
450 2705 456 2717 .
480 2654 583 2718 nescit
605 2676 687 2719 novo
709 2654 805 2738 plane
828 2654 931 2718 modo.
977 2653 1039 2718 Sed
1060 2654 1107 2717 ita
1129 2675 1180 2717 res
1202 2653 1394 2718 tulerunt..

254 2758 291 2820 de
320 2759 416 2840 puteo
438 2778 571 2840 quoque.
616 2756 736 2820 Puteus
768 2756 843 2819 istie
871 2755 977 2819 minus
1004 2756 1176 2819 sorderet.
1202 2805 1208 2819 .
1233 2755 1258 2817 si
1286 2755 1362 2818 ita.
1389 2806 1394 2819 .

253 2858 320 2922 Ver
337 2910 342 2922 .
362 2909 368 2921 .
385 2861 455 2921 tum
477 2857 556 2921 mihi
581 2907 750 2921 ......
774 2857 979 2939 senlenlltias
1001 2856 1196 2939 inopinatas,
1221 2857 1316 2920 aliis.
1336 2907 1342 2919 .
1362 2908 1368 2920 .
1388 2906 1393 2919 .

253 2961 402 3024 tactas¹⁰.
433 2959 537 3023 Tanto
560 2959 661 3022 maius
684 2957 862 3042 perieulum
883 2958 1054 3022 sententiis
1076 2957 1171 3039 inest,
1194 2957 1256 3021 nisi
1279 2958 1395 3041 figura-

253 3061 395 3124 tionibus
417 3061 589 3124 moderatis
611 3062 842 3143 temperantur.
874 3058 1006 3123 Graecis
1021 3059 1126 3122 verbis
1147 3059 1283 3122 sortasse
1306 3082 1395 3142 aper-

255 3252 456 3260 *—

338 3383 355 3418 a
375 3368 406 3418 11
424 3369 550 3431 11191111
569 3363 598 3416 Si
615 3365 726 3432 tempus
744 3363 854 3418 deesset
871 3395 904 3402 -
921 3362 1063 3417 fulciebas.

337 3450 355 3502 b
374 3454 408 3502 11
425 3454 549 3517 11191111
572 3449 698 3502 veterum
716 3449 856 3502 commata
874 3450 902 3502 et
919 3448 981 3502 oola
998 3448 1213 3516 synonimorum.

337 3552 351 3587 0
369 3538 403 3586 Ι1
420 3539 545 3602 margine:
566 3535 596 3587 ut
614 3533 648 3586 de
667 3532 879 3600 vulgaribus-
897 3532 1036 3587 redderes.

336 3619 354 3670 d
375 3623 408 3671 11
425 3624 550 3687 marpine:
570 3617 685 3672 Crassus
708 3616 796 3670 tristis
819 3617 903 3671 risum
933 3617 1043 3683 oderat,
1070 3615 1142 3670 alter
1164 3615 1279 3671 Crassus
1305 3617 1395 3670 minor

253 3705 343 3757 lucem
361 3704 500 3773 fugitavat
517 3703 660 3769 multaque
678 3702 740 3756 loca
757 3703 851 3757 clausa
868 3701 997 3756 lecticula
1013 3701 1287 3769 praetervehebatur.

338 3965 349 4010 1
371 3959 427 4011 Ser.
447 3968 596 4025 perpetuae.
632 3961 792 4011 Niebuhrr’us.
828 3955 979 4025 Hauptius:
996 3962 1121 4024 perpetis.

337 4043 414 4095 alta
433 4040 533 4095 Codex.

338 4135 353 4181 3
373 4126 559 4179 Buttmannus
585 4124 664 4179 iubet
686 4126 810 4180 conferre
839 4123 1033 4194 Spaldingium
1058 4124 1094 4179 ad
1116 4122 1228 4188 Quintil.
1251 4124 1283 4178 X.
1304 4131 1328 4177 7.
1351 4132 1392 4179 27.

336 4217 352 4264 4
369 4211 399 4262 F.
419 4221 462 4263 aut
480 4221 514 4263 at.
551 4213 711 4265 Niebudrr'ua

337 4300 352 4347 5
371 4293 474 4348 Codex:
493 4301 572 4348 colas.

337 4384 352 4430 6
370 4378 439 4432 Ptin.
458 4379 492 4433 N.
510 4379 542 4432 H.
562 4377 621 4432 VII.
642 4384 681 4432 19.

337 4462 507 4531 ‘lSpartian
527 4462 612 4516 Hadr.
633 4480 654 4516 e.
675 4468 698 4516 5.
734 4462 787 4515 Dio
806 4462 835 4516 C.
854 4469 896 4516 68.
914 4471 938 4518 3.
962 4469 1001 4516 16.
1038 4467 1132 4516 Maius.

337 4554 352 4599 8
371 4546 501 4613 Sequitur
519 4546 585 4601 Ood.
602 4566 629 4616 p.
644 4552 702 4613 386,
720 4546 749 4599 in
767 4562 822 4613 qua
839 4547 922 4601 hodie
940 4547 1009 4600 nihil
1026 4545 1143 4600 discerni
1162 4547 1254 4616 potest
1270 4548 1393 4616 praeter-

252 4649 335 4699 quam
353 4631 381 4683 in
400 4631 536 4700 margine:
557 4637 595 4685 De
614 4635 740 4685 Amicitia.

336 4723 351 4769 9
369 4714 469 4784 Incipit
487 4715 553 4770 Cod.
572 4733 599 4784 p.
619 4721 681 4782 385,
700 4718 827 4782 obseura,
846 4716 874 4769 in
893 4734 948 4784 qua
966 4734 1107 4786 perpauca
1123 4716 1180 4785 legi
1197 4718 1355 4785 potuerunt.

320 4809 351 4853 10
369 4801 413 4854 lta
431 4800 536 4866 Codex;
557 4799 646 4854 Maius
665 4801 832 4870 expectatae.
