3300 5950
283 793 343 855 142
494 757 713 845 1111111111
730 789 938 845 naourouis
956 788 1212 844 nrrsrmmuu

279 965 384 1026 terrae
406 962 530 1026 litteras
552 962 729 1044 missitare,
754 963 865 1046 reges¹
892 962 1091 1025 exterarum2
1118 961 1264 1045 gentium
1288 962 1424 1044 compel-

280 1065 362 1147 1111,
397 1064 554 1128 sociorum
584 1064 693 1148 culpas
722 1063 855 1127 edictis³
883 1085 1042 1146 coercere,
1078 1063 1249 1126 benefacta
1281 1063 1422 1145 laudare,

281 1167 448 1230 seditiosos
472 1188 682 1250 compescere,
706 1167 829 1230 feroces
850 1165 1009 1229 territare.
1056 1165 1173 1229 Omnia
1194 1165 1258 1228 ista
1279 1165 1424 1247 profecto

280 1268 385 1331 verbis
416 1270 492 1331 sunt
520 1290 558 1331 ac
585 1268 702 1332 litteris
731 1268 867 1353 agenda.
912 1267 987 1331 Non
1016 1266 1140 1331 excoles
1162 1267 1263 1351 igitur
1285 1267 1318 1330 id
1341 1267 1425 1350 quod

279 1369 338 1432 tibi
362 1370 480 1433 totiens
508 1370 671 1454 tantisque
698 1372 733 1435 in
761 1371 856 1434 rebus
885 1369 991 1433 videas
1020 1390 1139 1453 magno
1161 1368 1233 1432 usui
1255 1367 1425 1431 futurum?

281 1470 334 1533 An
357 1470 439 1533 nihil
467 1472 586 1535 referre
614 1472 780 1535 arbitraris
808 1471 955 1555 qualibus
983 1470 1089 1534 verbis
1117 1471 1214 1554 agae,
1250 1492 1330 1553 quae
1359 1491 1424 1533 non

280 1571 342 1635 nisi
365 1572 470 1635 verbis
493 1575 546 1657 agi
569 1573 726 1657 possunt?
769 1573 879 1656 Erras7
911 1572 938 1635 si
960 1575 1055 1655 putas
1083 1572 1155 1656 pari
1177 1572 1368 1636 auctoritate
1389 1573 1425 1634 in

281 1675 395 1737 senatu
416 1673 485 1737 fore
508 1675 675 1739 Thersitae
698 1676 802 1740 verbis
826 1677 1047 1759 expromptam
1070 1674 1280 1755 sententiam,
1305 1676 1338 1737 et
1359 1672 1425 1735 Me-

280 1775 365 1838 nelai
395 1778 450 1839 aut
479 1775 568 1840 Ulixi
601 1778 778 1841 orationem
787 1791 809 1860 ³,
849 1798 983 1861 quorum
1009 1775 1168 1839 Homerus
1196 1779 1229 1849 et
1255 1775 1362 1839 vultus
1390 1775 1425 1837 in

281 1878 406 1960 agendo
429 1880 461 1939 et
489 1877 618 1942 habitus
641 1882 673 1942 et
695 1882 798 1943 status
820 1882 853 1943 et
875 1900 969 1942 voces
994 1876 1154 1966 [ca]noras
1179 1900 1215 1941 ac
1237 1876 1424 1940 modulatio-

280 2000 358 2041 num
380 1978 579 2062 eloquentiae
602 2002 721 2065 genera
745 1980 875 2044 diversa·
891 1980 1029 2045 notavit⁴¹
1058 1981 1071 2019 l
1081 2028 1422 2042 ...........

282 2131 825 2146 .................
837 2082 886 2164 15.
913 2133 919 2145 .
946 2133 952 2145 .
980 2133 986 2145 .
1013 2132 1019 2144 .
1047 2131 1053 2144 .
1080 2132 1086 2145 .
1125 2079 1299 2164 Quisquam
1321 2082 1425 2145 vereri

279 2186 400 2265 potest,
431 2205 524 2266 quem
546 2186 739 2248 inridentius
767 2205 863 2267 quam
890 2184 1047 2248 dictorum
1077 2181 1156 2270 [eius
1185 2204 1280 2246 causa
1306 2181 1423 2270 haudll

282 2286 509 2368 contempserit
535 2334 808 2350 .........
835 2286 927 2349 7111111
950 2336 1157 2349 .......
1180 2306 1280 2369 magn
1299 2335 1305 2348 .
1324 2336 1331 2347 .
1356 2288 1425 2349 arte

280 2388 418 2449 taceat.
446 2436 452 2449 .
479 2438 485 2449 .
510 2389 614 2466 inquit
642 2409 683 2450 ne
711 2390 744 2450 te
772 2388 818 2451 rei
847 2387 912 2450 illis
934 2388 966 2450 vi
991 2437 1232 2451 ........
1256 2390 1329 2450 uter
1352 2408 1425 2450 con-

281 2490 480 2551 temnant..
508 2540 513 2551 .
608 2540 614 2552 .
642 2540 647 2551 .
675 2489 701 2551 ‚⁸
730 2488 834 2552 Nemo
853 2492 947 2553 tanta
970 2490 1162 2552 auctoritate
1184 2492 1244 2570 est,
1268 2489 1422 2571 quinon,

281 2588 336 2650 ubi
358 2589 475 2671 peritia
498 2592 654 2673 deficitur,
679 2589 779 2653 abeo
802 2590 857 2674 qui
878 2591 1012 2672 peritior
1034 2593 1083 2653 est
1103 2590 1323 2673 despiciatur.
1350 2641 1355 2652 .
1383 2640 1389 2653 .
1417 2641 1422 2652 .

188 2694 191 2700 '
283 2690 363 2752 ...l
389 2690 547 2755 medebor.
575 2696 730 2755 temnor.
758 2742 764 2752 .
792 2742 797 2753 .
825 2740 832 2753 .
857 2712 955 2775 gypso
979 2742 1152 2754 ......
1177 2692 1289 2755 mersit
1311 2742 1422 2754 .....

283 2790 387 2879 ¹⁰Tibi
409 2794 503 2855 tanta
526 2792 708 2876 eloquentia
730 2796 824 2876 parta
847 2796 910 2875 est,
940 2814 1021 2877 quae
1044 2794 1084 2857 ad
1106 2793 1233 2857 laudem
1255 2794 1352 2857 etiam
1376 2815 1425 2856 su-

280 2985 482 2992 —-——-———

365 3116 382 3152 a
401 3103 432 3152 lu
451 3104 576 3166 1111911111
595 3097 658 3152 Non
670 3097 755 3152 talem
772 3098 939 3154 auctoritate
958 3098 1104 3154 Thersitae
1122 3100 1166 3152 est
1183 3100 1349 3167 exprompta
1366 3116 1425 3152 sen·

280 3184 370 3236 tentia
388 3200 471 3250 quam
489 3183 609 3237 Menelai
627 3184 676 3237 aut
693 3183 780 3236 Ulixis
799 3185 898 3238 oratio.

365 3269 383 3320 b
403 3272 436 3321 In
454 3275 578 3336 energiae:
603 3267 679 3331 Quae
698 3284 742 3321 res
760 3269 958 3322 auctoritatem
975 3274 1157 3321 sententiarum
1173 3268 1328 3321 imminuat.

368 3494 380 3540 1
399 3488 444 3541 Ita
462 3487 562 3543 (lodex.

366 3579 381 3625 2
400 3572 551 3641 Perperam
573 3573 675 3628 Maius:
706 3580 774 3641 Iepes
792 3585 942 3629 ceterarum.
977 3573 1072 3626 Prima
1092 3571 1188 3626 littera
1207 3572 1333 3626 vocabuli
1350 3591 1426 3640 11911

281 3658 339 3712 fere
358 3657 477 3710 evanuit.

367 3748 382 3795 3
400 3741 551 3810 Perperam
568 3742 671 3796 Maius:
690 3748 773 3797 1111111.

367 3833 383 3878 4
400 3826 444 3879 Ita
463 3843 525 3879 cum
536 3825 697 3880 Heindorfio
714 3827 812 3893 Maius,
832 3827 879 3895 qui
895 3827 991 3880 tamen
1008 3827 1037 3878 in
1049 3825 1149 3880 Codice
1167 3825 1262 3879 videre
1281 3825 1334 3878 sibi
1351 3825 1426 3879 visus

283 3913 337 3965 est:
357 3917 542 3980 candentque.
578 3909 696 3980 Supplet
712 3911 900 3965 Heindorfius:
926 3915 1041 3980 Denique
1059 3915 1201 3978 principum
1219 3915 1294 3963 eliam
1312 3916 1423 3964 1111111νί-

283 4006 359 4049 tatem
377 4001 512 4065 eloquendi
528 4002 614 4048 minuit
631 4002 739 4049 inscitia.

368 4085 383 4133 5
402 4079 533 4147 Sequitur
551 4078 617 4133 (lod.
636 4097 663 4148 p.
683 4086 744 4148 395,
772 4097 843 4148 quae
861 4079 968 4134 interiit
984 4081 1098 4149 praeter
1116 4095 1162 4145 ea,
1185 4095 1257 4146 quae
1275 4078 1380 4132 amicus
1397 4079 1426 4132 in

281 4164 408 4233 margine
426 4164 520 4232 legere
538 4163 639 4232 potuit.
931 4226 933 4233 Ι

367 4255 382 4301 6
402 4247 633 4317 supplementum
650 4248 728 4316 Maii,
748 4249 823 4316 quod
840 4250 936 4303 tamen
953 4264 1010 4302 non
1028 4248 1157 4303 convenit
1175 4265 1237 4302 cum
1255 4247 1380 4316 vestigiis
1396 4247 1426 4300 in

284 4334 392 4388 Codice.

368 4424 382 4471 1
402 4416 482 4482 Quod
500 4417 626 4483 sequitur
643 4416 745 4486 legitur
762 4417 791 4471 in
808 4417 865 4472 imo
882 4416 1018 4485 margine.
1389 4482 1394 4492 ἱ

367 4507 383 4555 8
400 4502 432 4555 Ι11
449 4518 556 4555 summo
575 4501 702 4570 margine
721 4502 865 4556 columnae
884 4501 1006 4555 alteriue.
1042 4501 1235 4556 Berolinenses
1259 4503 1307 4569 qui
1325 4502 1427 4556 nescie-

282 4588 352 4641 bant
368 4586 439 4640 haec
456 4586 549 4640 omnia
567 4603 582 4641 1
600 4584 727 4654 margine
745 4587 873 4640 desumta
885 4602 953 4653 esse,
971 4585 1117 4639 fallacibus
1136 4586 1302 4640 coniecturis
1320 4586 1369 4641 sed
1386 4587 1426 4639 in-

260 4706 263 4711 ·
285 4670 406 4740 gentonis
424 4671 517 4726 lacera
534 4671 697 4741 fragmenta
714 4670 951 4726 consarcinanmt.

367 4762 383 4809 9
400 4755 432 4809 In
448 4755 505 4811 imo
522 4756 658 4826 margine.

354 4846 384 4895 lo
401 4839 477 4894 Haec
494 4841 687 4910 apparuerunt
702 4838 731 4893 in
749 4839 836 4895 textu.
