3300 5950
624 782 912 849 AD'ANTONINUM
929 794 1027 849 Pron.

440 1086 544 1152 VIII.
582 1083 763 1152 Antonino
784 1085 852 1151 Pio
874 1083 1037 1166 Augusto
1057 1084 1206 1175 Fronto.

338 1223 476 1288 Omnem
497 1245 627 1307 operam
648 1244 699 1285 100
721 1222 855 1304 dedisse,
880 1220 1080 1284 sanctissime
1095 1221 1188 1304 Imp,
1212 1224 1245 1285 01
1259 1221 1395 1306 inpenso

253 1326 358 1390 studio
381 1326 505 1409 cupisse
526 1324 621 1408 fungi
643 1324 864 1407 proconsulari
885 1323 1046 1405 munere¹,
1070 1344 1121 1386 res
1135 1323 1206 1405 ipsa
1220 1324 1312 1387 testis
1335 1326 1393 1387 est.

181 1433 184 1440 ’
252 1427 338 1491 Νο01
361 1431 392 1491 01
415 1428 453 1491 (10
475 1429 543 1491 iure
566 1425 741 1509 sortiendi,
760 1426 865 1509 quoad
886 1425 1046 1489 incertum
1067 1425 1141 1506 fuit,
1165 1425 1339 1509 disceptari
1362 1429 1395 1489 et

252 1533 422 1613 postquam
443 1530 511 1593 iure
534 1529 705 1592 liberorum
728 1527 815 1610 prior
839 1526 920 1589 alius
942 1527 1102 1610 apparuit,
1127 1548 1197 1589 0010
1212 1549 1293 1610 quae
1316 1526 1395 1589 mihi
1506 1607 1509 1613 Δ

252 1632 408 1695 remansit
429 1630 720 1714 splendidissimam
742 1628 942 1712 provinciam
963 1650 1022 1712 pro
1044 1627 1146 1692 electa
1172 1628 1280 1692 habui.
1317 1628 1395 1692 Post

252 1734 309 1797 illa
340 1732 582 1819 quaelcumque]
618 1732 658 1795 ad
689 1730 947 1814 1001111001011112
968 1729 1166 1813 provinciam
1199 1730 1393 1812 adtinerent,

252 1857 314 1918 quo
335 1835 463 1899 facilius
486 1858 505 1897 a
526 1855 577 1897 me
600 1836 693 1897 tanta
714 1833 846 1918 negotia
867 1854 925 1915 per
947 1832 1120 1895 amicorum
1141 1833 1247 1915 copias
1269 1833 1394 1896 obiren-

252 1940 316 2018 tur,
340 1936 449 1999 sedulo
470 1935 669 2019 praeparavi.
714 1934 916 2018 Propinquos
939 1937 972 1997 et
994 1934 1111 1996 amicos
1134 1955 1236 2016 meos,
1260 1955 1395 2016 quorum

253 2038 348 2101 fidem
364 2041 396 2101 et
411 2038 633 2122 integritatem
649 2058 872 2121 cognoveram,
896 2036 1007 2099 (101003
1023 2034 1132 2099 accivi.
1164 2035 1395 2099 Alexandriam

254 2140 294 2203 ad
316 2140 490 2203 familiares
506 2160 592 2202 meos
615 2138 738 2220 scripsi,
762 2140 798 2201 ut
813 2137 960 2201 Athenas
977 2137 1190 2219 festinarent,
1214 2136 1322 2220 ibique
1344 2159 1394 2200 me

253 2240 487 2324 operirentur⁴,
510 2242 611 2323 iisque
634 2262 823 2324 graecarum
839 2239 1047 2323 epistularum
1071 2260 1180 2302 curam
1202 2238 1394 2302 doctissimis

255 2343 330 2407 viris
353 2342 462 2406 detuli.
507 2342 557 2405 1111
580 2341 693 2407 Cilicia
715 2341 813 2405 etiam
835 2340 1018 2424 splendidos
1036 2342 1141 2423 01100,
1169 2340 1252 2431 quod
1274 2361 1394 2425 magna

254 2444 333 2507 mihi
355 2444 389 2507 in
412 2466 449 2507 ea
471 2444 636 2527 provincia
659 2444 833 2507 amicorum
856 2444 948 2527 copia
970 2446 1029 2526 est,
1054 2465 1126 2506 cum
1140 2441 1268 2526 publice
1290 2442 1394 2526 priva·

253 2546 375 2629 timque
397 2567 521 2629 semper
542 2546 674 2630 negotia
697 2544 832 2609 Cilicum
854 2546 939 2628 apud
961 2548 993 2609 te
1017 2543 1224 2627 defenderim,
1249 2547 1285 2607 ut
1307 2545 1395 2608 veni-

253 2651 326 2712 rent
347 2647 493 2711 hortatus
515 2669 594 2710 sum.
639 2646 689 2709 Ex
716 2645 920 2710 Mauretania
942 2667 1066 2730 quoque
1088 2646 1193 2709 virum
1215 2646 1395 2710 amantissi-

253 2772 339 2813 mum
366 2749 507 2833 mihique
534 2751 644 2812 mutuo
673 2769 782 2811 carum
807 2746 927 2811 Iulium
955 2747 1071 2812 Senem
1100 2748 1140 2811 ad
1171 2750 1241 2811 me⁵
1271 2749 1393 2830 vocavi,

255 2852 342 2915 cuius
364 2874 431 2916 non
453 2851 546 2914 modo
568 2851 629 2914 fide
658 2852 690 2913 et
718 2848 903 2933 diligentia,
937 2850 992 2913 sed
1019 2849 1116 2913 etiam
1143 2850 1275 2913 militari
1302 2851 1394 2914 indu-

253 2954 332 3017 stria
348 2954 432 3018 circa
447 2952 644 3036 quaerendos
661 2954 693 3015 et
708 2950 919 3015 continendos
941 2949 1083 3016 latrones
1099 2951 1274 3016 adiuvarer.
1305 2952 1395 3018 Haec

253 3056 361 3117 omnia
383 3055 445 3117 feci
468 3075 524 3136 spe
546 3054 658 3135 fretus,
683 3074 775 3135 posse
797 3074 849 3115 me
871 3053 959 3116 victu
980 3053 1071 3116 tenui
1094 3056 1127 3116 01
1149 3075 1231 3136 aqua
1252 3055 1395 3136 potanda

253 3155 371 3218 malam
398 3155 628 3236 valetudinem,
664 3154 747 3236 qual
768 3153 939 3237 impedior,
975 3154 1001 3217 si
1029 3176 1096 3218 non
1118 3155 1249 3218 omnino
1272 3155 1393 3238 sedare,

256 3255 365 3342 [001110
388 3257 428 3319 ad
449 3254 576 3343 1010100]
606 3254 811 3319 intervallum
835 3254 947 3344 [eius]⁷
980 3253 1117 3339 impetus
1139 3256 1298 3341 mitigare.
1344 3258 1395 3321 lta

254 3358 370 3440 evenit,
395 3360 431 3421 ut
453 3356 546 3420 solito
569 3356 688 3421 diutius
703 3357 785 3420 bene
799 3357 939 3421 valerem
961 3360 994 3421 et
1015 3358 1109 3421 fortis
1131 3359 1289 3442 vigerem:
1316 3359 1394 3422 adeo

253 3463 296 3524 ut,
312 3460 409 3523 etiam
431 3459 509 3522 duas
532 3459 706 3522 amicorum
734 3481 846 3523 causas
872 3480 940 3523 non
966 3459 1092 3523 minimi
1119 3460 1237 3524 laboris
1261 3463 1340 3543 aput
1361 3463 1394 3524 10

253 3565 376 3627 tutatus
416 3561 485 3624 sim.
541 3561 671 3644 Ingruit
709 3560 823 3624 deinde
860 3564 953 3625 tanta
990 3561 1037 3625 vis
1068 3562 1277 3645 valetudinis,
1313 3583 1394 3646 quae

252 3664 331 3727 mihi
358 3662 557 3745 ostenderet,
586 3683 714 3726 omnem
742 3683 832 3746 spem
848 3661 949 3749 illam
978 3663 1134 3747 18111νὶ10111
1157 3667 1256 3739 foisse
1286 3714 1292 3727 .
1319 3714 1325 3726 .
1352 3714 1358 3726 .
1385 3713 1392 3727 .

252 3923 455 3932 ,ρ’-ῳ...-

339 4008 351 4053 1
370 3999 482 4068 Legesis
500 4000 537 4053 ad
553 3999 589 4053 M.
609 3998 685 4055 Caes.
704 4000 738 4054 V.
756 4005 797 4055 31.
835 4004 928 4054 Moira.

337 4092 353 4138 *2
371 4083 491 4153 Explicit
509 4083 655 4152 quaternio
673 4084 774 4150 XXXI;
797 4083 908 4139 videtur
931 4083 1044 4152 quidem
1065 4084 1123 4153 legi
1143 4084 1172 4138 in
1191 4085 1292 4138 Codice
1310 4085 1394 4151 XXX,

252 4171 302 4225 sed
320 4186 397 4223 error
414 4167 575 4222 manifestus
593 4170 643 4234 est,
662 4169 727 4237 quia
743 4169 817 4223 hunc
829 4185 974 4222 numerum
991 4169 1048 4223 iam
1059 4170 1206 4224 habuimus
1221 4169 1392 4238 03810011.

254 4255 384 4323 Sequitur
403 4252 468 4308 Cod.
487 4271 514 4322 p.
534 4258 592 4307 332.

338 4347 353 4394 3
371 4338 478 4405 Nempe
496 4336 580 4392 Cirta.
617 4341 713 4392 Maius.

336 4431 353 4478 4
370 4424 414 4476 110
431 4421 533 4476 Codex.

338 4514 353 4561 5
370 4506 545 4561 Vocabulum
561 4523 698 4576 suprascr.

337 4598 353 4645 6
372 4590 438 4644 Cod.
457 4607 499 4658 pr.
518 4608 554 4644 m.
574 4611 655 4660 quam

338 4677 416 4730 7110
431 4674 529 4728 Maius.
565 4675 676 4730 Amicus
693 4675 764 4730 vidit
780 4679 809 4730 in
828 4676 942 4731 Codice:
965 4676 1068 4744 EQtEC
1082 4721 1087 4732 .
1103 4722 1108 4732 .
1124 4721 1129 4731 .
1145 4721 1150 4732 .
1164 4677 1205 4732 IS.

337 4767 353 4815 8
371 4758 503 4825 Sequitur
521 4758 587 4813 Cod.
606 4778 633 4829 p.
653 4767 711 4828 331,
729 4778 800 4830 quae
818 4763 880 4815 tota
897 4779 977 4816 erasa
995 4762 1044 4816 est.
1068 4763 1101 4816 In
1113 4780 1171 4832 seq.
1183 4781 1249 4832 pag.
1263 4771 1313 4818 330
1325 4763 1394 4816 nihil

252 4846 356 4917 legitur
372 4843 486 4915 praeter
503 4844 613 4900 unicam
631 4845 797 4902 sententiam
813 4845 843 4902 10
861 4845 999 4916 margine·
