3300 5950
347 790 409 853 162
553 788 589 843 M.
604 786 773 843 CORNELII
790 787 998 843 FRONTONIS
1015 788 1273 845 EPISTULARUM

346 960 508 1025 Commodi
532 966 588 1025 aut
610 961 683 1025 Pii?
713 960 842 1025 Polluta
864 965 897 1025 et
919 962 1139 1026 contaminata
1162 966 1194 1025 et
1216 964 1304 1026 varia
1327 967 1359 1026 et
1380 986 1486 1027 macu-

345 1063 413 1127 losa
434 1064 726 1148 maculosioraquc¹
749 1085 846 1148 quam
867 1064 1003 1127 nutricis
1025 1064 1221 1148 pallium‘2e‘?

430 1166 526 1230 Omni
554 1189 647 1251 ergo,
676 1174 718 1229 mi
744 1166 883 1243 Murcc³‚
916 1188 1029 1249 opera,
1065 1167 1091 1229 si
1119 1168 1220 1249 possit
1241 1174 1317 1245 ficri,
1340 1169 1485 1252 linguam

347 1265 594 1355 [communem4]
624 1267 755 1331 reddas:
791 1268 925 1331 verbum
954 1269 1081 1352 aliquod
1108 1270 1257 1353 adquiras
1286 1291 1353 1332 non
1374 1273 1486 1332 fictum

345 1391 363 1431 a
385 1373 433 1453 te‚
457 1393 534 1433 nam
561 1369 593 1433 id
619 1370 746 1453 quidem
775 1370 947 1434 absurdum
970 1373 1034 1452 est,
1066 1371 1121 1433 sed
1142 1375 1332 1453 usurpatum
1356 1372 1484 1435 concin-

343 1471 416 1534 nius
445 1476 500 1535 aut
529 1472 758 1554 congruentius
781 1475 837 1534 aut
860 1473 1098 1535 commodatius
1147 1476 1275 1537 Tantam
1298 1479 1486 1550 antiquitatis

342 1593 492 1650 caraeque
515 1595 576 1652 pro
604 1578 715 1637 Italica
735 1584 824 1651 yeme
846 1580 1007 1638 maioribus
1025 1578 1105 1651 fait:
1128 1573 1319 1639 Sallustius⁵
1341 1576 1398 1638 ait.

428 1675 643 1758 Antiquitatis
671 1675 802 1738 verbum
830 1676 1000 1759 usitatum,
1031 1676 1086 1739 sed
1113 1697 1270 1759 nusquam
1301 1674 1359 1763 [eo]
1390 1699 1485 1739 sensu

343 1780 532 1859 usurpatum
556 1774 681 1863 [neque]
706 1777 805 1860 probe
829 1778 996 1841 adscitum.
1028 1776 1113 1841 Nam
1135 1777 1228 1861 volgo
1251 1777 1377 1860 dicitur,
1401 1778 1485 1861 quod

343 1878 450 1959 potius
473 1879 524 1960 sit,
550 1879 713 1962 antiquius
736 1901 814 1942 esse.
853 1879 954 1943 Inde⁶
975 1880 1046 1962 ipsa
1068 1878 1219 1943 Sallustio
1246 1878 1398 1942 derivata.
1440 1880 1486 1943 Et

343 1980 525 2064 quoniaml⁷
548 1980 675 2044 minus8
698 2031 704 2043 .
725 2031 730 2043 .
755 1983 788 2043 et
809 1982 916 2044 minus
938 1984 988 2045 est
1009 1981 1142 2045 verbum
1163 2030 1195 2043 ..
1226 1981 1372 2063 sequenti
1388 1981 1484 2043 verbo

344 2078 520 2167 [secltatus.
566 2082 781 2165 Antiquitatis
810 2082 875 2165 [eos
898 2081 1008 2169 aeque]
1038 2082 1099 2146 hoc
1121 2083 1215 2145 modo
1239 2132 1246 2143 .
1273 2130 1279 2143 .
1304 2082 1483 2163 municipes

342 2184 527 2245 sacrorumb
552 2233 559 2245 .
586 2234 592 2245 .
619 2180 732 2269 [actus]
760 2234 766 2245 .
792 2233 799 2246 .
845 2182 928 2258 Quid
957 2234 963 2246 .
990 2234 997 2246 .
1022 2205 1109 2247 arem
1138 2232 1145 2246 .
1175 2183 1246 2247 vale
1270 2233 1276 2245 .
1303 2233 1309 2244 .
1334 2182 1483 2265 poculum

344 2332 350 2345 .
376 2334 382 2345 .
408 2283 530 2347 adhoc
553 2286 632 2347 mire
657 2335 663 2347 .
691 2334 697 2347 .
721 2283 781 2347 hoc
804 2307 906 2369 genus
928 2285 1097 2349 ierborum
1119 2286 1257 2348 Accius⁹
1279 2283 1412 2347 Plautus
1435 2307 1482 2347 sa-

341 2408 402 2448 nus
420 2436 426 2447 .
446 2436 452 2447 .
475 2406 606 2448 numero
628 2378 692 2448 uno
709 2436 716 2448 .
736 2436 742 2448 .
760 2386 834 2449 dere
849 2409 918 2451 rem
934 2437 941 2449 .
960 2437 967 2449 .
983 2387 1014 2450 le
1036 2409 1114 2465 quae
1137 2409 1215 2450 reno
1232 2436 1238 2448 .
1258 2436 1265 2448 .
1283 2386 1321 2448 de
1343 2386 1375 2449 vi
1397 2408 1431 2448 re
1449 2436 1479 2447 ..

678 2508 755 2583 beai
775 2510 945 2570 Emendavi
964 2514 1018 2584 qai
1037 2526 1142 2585 supra.

752 2623 796 2687 M.
819 2622 1068 2687 FRONTONIS

495 2740 555 2802 AD
581 2740 624 2803 M.
648 2740 917 2806 ANTONINUM
939 2742 998 2806 DE
1022 2740 1328 2806 ORATIONIBUS.

706 2866 749 2924 M.
781 2862 1113 2924 FRONTONIS

601 2958 800 3014 EPISTULAE
819 2960 869 3015 AD
887 2960 1107 3016 ANTONINUM
1124 2960 1221 3015 PIUM.

425 3199 442 3234 a
460 3186 493 3233 Ia
510 3188 636 3250 marqine:
659 3181 827 3236 Maculosior
845 3198 930 3250 quam
947 3180 1062 3236 nutricis
1080 3182 1203 3250 pallium.

422 3264 441 3317 b
461 3269 493 3318 In
510 3271 634 3334 margine:
653 3265 794 3334 Municeps
812 3283 961 3320 sacrorum.

425 3474 438 3517 1
458 3466 523 3520 Cod.
543 3486 585 3537 pr.
604 3486 640 3522 m.
660 3475 905 3540 maculosamque,
924 3469 972 3523 sed
990 3472 1146 3524 correctum
1162 3470 1281 3524 videtur.

423 3552 545 3606 2Plaut.
564 3553 663 3607 Bacch.
682 3554 728 3607 ΠΙ.
748 3562 771 3608 3.
791 3561 832 3609 30.

423 3644 438 3689 3
457 3635 685 3705 supplementum
702 3637 780 3705 Maii;
800 3639 837 3691 du
854 3639 924 3692 Rieu
942 3641 1037 3692 tamen
1054 3640 1136 3694 vidit:
1161 3641 1247 3694 .lET
1267 3683 1272 3692 .
1292 3683 1298 3694 .
1320 3683 1325 3693 .

422 3727 439 3772 4
456 3718 502 3772 Sic
520 3720 584 3774 dedi
603 3738 664 3778 cum
675 3722 763 3776 Maio:
781 3723 864 3775 hodie
876 3723 945 3776 haec
957 3722 1012 3776 tria
1023 3724 1160 3777 vocabula
1171 3738 1284 3792 prorsus
1296 3725 1476 3777 evanuerunt.

423 3811 438 3856 5
455 3803 556 3858 Histor.
576 3805 623 3858 lib.
644 3805 690 3872 Vl,
709 3808 742 3860 cf.
762 3807 838 3861 Serv.
857 3807 894 3860 ad
912 3802 1112 3876 Virg.'Georg.
1131 3808 1165 3861 ΙΙ.
1183 3813 1241 3873 209,
1259 3808 1376 3861 notante
1393 3807 1475 3860 Maio.

338 3887 464 3941 Servium
481 3889 573 3942 locum
591 3888 724 3943 Frontoni
742 3891 845 3945 debere
863 3890 995 3961 suspicor.
1263 3873 1274 3890 ’

422 3978 438 4025 6
456 3972 522 4026 Post
538 3975 610 4028 hanc
627 3990 724 4028 vocem
742 3976 852 4044 legitur,
871 3976 946 4045 quod
957 3978 1063 4032 Maium
1074 3977 1155 4046 sugit,
1173 3977 1244 4031 ΠΡΟ
1258 4020 1263 4030 .
1279 4018 1295 4043 .,
1313 3977 1361 4030 sed
1378 3979 1477 4045 ignoro

337 4057 404 4124 quid
421 4057 466 4111 hie
483 4058 578 4111 lateat.
615 4059 788 4114 Eckstoinius
810 4061 919 4114 scribit:
950 4067 1017 4116 Inde
1033 4070 1123 4131 prodit
1138 4068 1189 4117 isla
1207 4067 1327 4117 Sallustio
1345 4068 1477 4115 derivatio.

422 4149 436 4196 7
455 4143 559 4212 Incipit
573 4143 638 4198 eod.
657 4162 684 4213 p.
705 4150 763 4210 351,
781 4162 853 4212 quae
872 4147 993 4216 exceptis
1010 4147 1183 4215 paucissimis
1200 4146 1258 4213 legi
1275 4146 1379 4214 nequit.

423 4233 439 4281 8
458 4228 488 4280 ln
507 4229 685 4296 sequentibus
703 4229 809 4282 lacunis
826 4229 911 4299 periit
926 4231 986 4285 fere
1004 4230 1177 4284 laterculum.
1214 4233 1308 4284 Maius.

421 4317 436 4365 9
455 4313 498 4365 lta
514 4311 604 4366 Maius
623 4317 725 4380 Accius,
743 4329 799 4366 non
818 4319 943 4370 Maccius.

756 4578 841 4584 —---.
855 4579 879 4583 ...
889 4577 1055 4584 -.-..--..
