3300 5950
469 776 518 832 au
536 776 572 856 11.
588 774 779 831 1111111111
796 775 843 830 er
863 775 1015 829 11111111
1031 775 1139 834 arasa
1156 777 1203 831 11.
1362 762 1417 843 51

265 948 455 1014 Alcibiaden
477 970 551 1012 vero
574 952 756 1030 ceterosque
779 948 991 1011 adulescentis
1014 968 1131 1032 genere
1153 950 1209 1010 aut
1224 949 1328 1012 forma
1349 952 1405 1012 aut

265 1052 377 1134 opibus
414 1050 536 1114 feroces
569 1072 630 1134 quo
665 1053 760 1142 pacto
794 1050 957 1133 appellare
990 1050 1091 1133 adque
1122 1049 1224 1112 adfari
1258 1050 1404 1129 solebat?

264 1173 322 1235 per
342 1152 481 1236 iurgium
504 1166 546 1215 an
568 1174 625 1235 per
640 1152 830 1217 πολιτίανῙῬ
858 1151 1078 1235 exprobrando
1106 1151 1222 1215 acriter
1243 1173 1324 1235 quae
1352 1152 1403 1215 de-

264 1254 447 1338 linquerent
472 1277 513 1317 an
536 1254 652 1322 leniter
675 1253 863 1338 arguendo?
904 1252 1017 1337 Neque
1045 1253 1154 1316 deerat
1181 1253 1305 1317 Socrati
1332 1275 1403 1337 pro-

263 1356 348 1419 fecto
375 1356 517 1439 gravitas
552 1357 608 1418 aut
638 1355 701 1438 vis,
739 1354 929 1438 quantum‘¹²
958 1355 1088 1438 cynicus
1116 1354 1277 1438 Diogenes
1309 1355 1403 1438 volgo

265 1457 441 1521 saeviebat:
479 1458 533 1521 sed
568 1457 649 1521 vidit
682 1457 828 1540 profecto
863 1456 996 1540 ingenia
1028 1457 1147 1540 partim
1174 1456 1339 1519 hominum
1366 1480 1402 1521 ac

263 1559 448 1642 praecipue¹
467 1559 718 1622 adulescentium
744 1558 872 1622 facilius
906 1558 1006 1621 comi³
1026 1558 1136 1641 'adque
1169 1558 1302 1621 adfabili
1334 1580 1402 1622 ora-

263 1661 350 1724 tione
372 1660 466 1723 leniri
488 1683 583 1744 quam
609 1660 675 1723 acri
696 1659 899 1742 violentaque
926 1660 1080 1744 superari.
1125 1658 1237 1743 ltaque
1264 1682 1331 1724 non
1360 1661 1403 1724 vi-

263 1763 344 1826 niis⁴
373 1784 476 1845 neque
500 1762 651 1825 arietibus
674 1782 796 1825 errores
819 1760 1070 1825 adulescentium
1093 1762 1316 1845 expugnabat,
1347 1763 1402 1825 sed

265 1863 418 1927 cuniculis
441 1863 628 1926 subruebat:
657 1884 760 1945 neque
788 1884 938 1945 umquam
966 1864 1006 1925 ab
1035 1885 1071 1926 eo
1100 1848 1258 1926 auditores
1287 1864 1401 1928 disces-

264 1953 331 2028 sere
353 1965 496 2046 lacerati,
522 1965 577 2028 sed
598 1985 839 2046 nonnumquam
867 1964 1016 2027 lacessiti.
1040 1963 1101 2027 Est
1115 1964 1201 2027 enim
1223 1985 1324 2047 genus
1347 1964 1401 2027 ho-

262 2068 385 2130 minum
417 2069 534 2129 natura
566 2065 801 2129 insectantibus
829 2065 1030 2147 indomitum,
1060 2065 1300 2129 blandientibus
1329 2086 1402 2128 con-

264 2168 416 2231 ciliatum.
444 2165 626 2250 Ι(11111111)
649 2188 716 2230 rem
738 2165 865 2230 facilius
887 2166 1059 2250 precariis⁵
1082 2166 1277 2249 decedimus,
1308 2189 1402 2250 quam

263 2270 410 2333 violentis
433 2270 643 2351 deterremur,
667 2268 800 2351 plusque
823 2269 863 2331 ad
886 2269 1109 2353 corrigendum
1123 2272 1312 2352 promovent
1329 2290 1401 2332 con-

263 2370 334 2433 silia
357 2393 452 2453 quam
473 2370 588 2454 iurgia.
633 2369 685 2433 Ita
713 2370 856 2433 comitati
885 2370 1085 2433 monentium
1108 2370 1324 2453 obsequimur,
1353 2370 1401 2434 in-

264 2472 450 2535 clementiae
472 2471 712 2555 obiurgantium
734 2471 940 2534 obnitimur.b

630 2638 728 2705 XVI.
763 2640 915 2705 Domino
937 2639 1023 2705 Meo.
1063 2676 1066 2680 ν

346 2775 436 2850 Quod
457 2778 494 2839 tu
508 2798 559 2839 me
581 2780 675 2858 putes
698 2796 844 2839 somnum
867 2775 1016 2858 cepisse⁶,
1040 2778 1142 2839 totam
1156 2799 1259 2864 paene
1273 2782 1401 2842 noctem

261 2877 469 2961 pervigilavi,
496 2899 622 2941 mecum
642 2877 710 2960 ipse
732 2879 896 2959 reputans,
925 2899 1002 2940 num
1023 2877 1107 2941 forte
1135 2878 1233 2962 nimio
1247 2879 1271 2964 l⁷
1295 2902 1400 2943 amore

260 2980 308 3043 tui
330 2979 493 3044 remissius
516 2982 548 3042 et
571 2979 758 3042 clementius
781 2978 953 3044 delictum8
982 2979 1108 3062 aliquod
1130 2982 1221 3042 tuum
1243 2985 1399 3045 aestuma-

260 3103 342 3163 rem,
375 3104 453 3144 num
480 3084 517 3144 tu
539 3080 715 3144 ordinatior
740 3079 915 3164 perfectior
941 3081 1007 3144 iam
1039 3081 1074 3144 in
1096 3080 1296 3164 eloquentia⁹
1331 3104 1399 3146 esse

345 3301 362 3338 a
380 3270 413 3336 In
431 3289 559 3352 ruarpine:
580 3283 612 3335 In
630 3281 696 3336 ah'o:
716 3283 857 3350 quantam.

344 3369 362 3421 b
383 3373 415 3421 In
432 3374 559 3436 auspice:
577 3366 601 3420 A
614 3366 728 3421 Socrate
747 3368 888 3421 auditores
900 3367 1048 3422 discessere
1059 3369 1176 3422 lacerati
1187 3369 1235 3422 sed
1248 3387 1399 3438 numquam

259 3453 389 3507 lacessiti.
408 3447 457 3505 Est
470 3451 543 3506 enim
713 3451 898 3506 conciliatum.
915 3452 980 3506 Plus
998 3452 1035 3506 ad
1053 3453 1248 3522 corrigendum

260 3536 419 3592 obnitimur.

345 3730 357 3777 1
376 3724 480 3778 Dubito
500 3724 534 3777 de
552 3724 604 3777 hac
621 3741 696 3778 voce.
725 3724 854 3777 Fortasse
871 3723 975 3778 Fronto
994 3722 1033 3775 sic
1050 3723 1135 3776 vertit
1146 3724 1302 3777 Romanum
1319 3741 1399 3779 voca-

258 3807 366 3862 bulum:
389 3813 528 3862 urbanitas.
573 3809 608 3861 at
625 3807 706 3861 video
728 3825 800 3861 nuno
823 3807 976 3876 Hauptium
999 3807 1116 3860 eandem
1138 3808 1304 3862 sententiam
1326 3809 1399 3864 tueri
1422 3812 1436 3833 ⁹

257 3891 331 3946 laud.
351 3893 448 3961 Polyb.
461 3892 558 3946 XXIV.
572 3897 587 3945 5
606 3894 635 3952 et
652 3890 713 3945 aliis
730 3891 805 3946 locis.
843 3891 961 3945 Orellius
969 3888 1076 3944 'scribit
1093 3893 1233 3960 γοητείαν.

343 3983 358 4030 2
378 3977 495 4031 Orellius
512 3977 620 4030 mavult
638 3988 740 4045 quanto,
758 3976 895 4044 Hauptius
913 3988 1017 4045 quanta.

342 4069 357 4116 3
376 4060 442 4115 Cod.
461 4079 502 4129 pr.
522 4078 557 4114 m.
578 4069 671 4115 1011111.
821 4054 823 4057 ’

340 4146 418 4199 4111
436 4144 535 4198 Codex.

342 4229 419 4284 blta
436 4228 536 4282 Codex.

342 4319 357 4367 6
376 4313 481 4367 Codex:
502 4318 625 4380 coepisse.

341 4403 355 4452 7
373 4397 474 4466 Incipit
492 4395 557 4450 Cod.
576 4388 639 4451 Vat.
659 4415 686 4466 p.
698 4402 754 4450 148.

340 4488 356 4536 8
375 4481 479 4535 Codex:
499 4486 621 4535 dilectam.

341 4571 355 4619 9
374 4563 440 4618 Cod.
459 4583 501 4634 pr.
520 4582 556 4618 m.
580 4571 753 4635 eloquentiam.
793 4565 929 4632 Loquitur
950 4566 1054 4620 Fronto
1077 4567 1111 4620 de
1133 4583 1241 4636 nupera
1262 4568 1396 4635 oratione,

256 4664 340 4716 quam
357 4649 467 4702 Marcus
484 4648 513 4701 in
531 4650 629 4703 senatu
646 4650 792 4714 habuerat,
815 4651 848 4701 ut
865 4651 1071 4718 esequentibus
1089 4650 1214 4719 epistulis
1232 4651 1348 4717 constat,
1366 4652 1397 4705 in

256 4749 310 4800 qua
328 4732 521 4786 Parthicarum
539 4750 632 4786 rerum
650 4733 754 4788 mentio
773 4734 871 4787 fuerat.
902 4738 996 4788 Maius.
1024 4735 1077 4788 Pro
1096 4738 1240 4789 ordinatior
1257 4734 1395 4805 Hauptius

255 4816 351 4869 scribit
368 4823 493 4872 ornuti'or.
