3300 5950
684 759 963 814 PROLEGOMENA.
1304 778 1393 823 XXIX

253 933 337 1015 iniit,
361 932 504 995 nondum
524 932 594 993 nati
616 933 709 994 erant
725 930 914 994 Commodus
938 951 1010 993 cum
1031 929 1160 1013 gemino
1176 929 1275 992 fratre
1291 931 1393 994 Anto-

253 1034 342 1116 nino,
366 1056 463 1116 quum
484 1032 661 1115 Imperator
684 1032 836 1095 scriberet
859 1030 1026 1114 epistolam
1047 1030 1090 1113 II,
1118 1032 1150 1112 1,
1180 1053 1261 1114 quae
1282 1032 1393 1115 utique

254 1136 329 1199 data
358 1139 406 1199 est
433 1137 508 1197 ante
535 1132 607 1196 Kal.
638 1132 724 1216 Sept.
764 1132 913 1216 Requirit
939 1134 1099 1196 orationes
1128 1154 1208 1216 quae
1236 1132 1392 1196 Frontoni

254 1236 482 1300 disertissimae
514 1236 701 1317 videantur,
740 1236 780 1298 ad
813 1235 940 1298 dicendi
977 1234 1164 1298 facultatem
1200 1236 1390 1318 augendam.

254 1337 454 1421 Quamquam
477 1339 584 1401 autem
605 1336 763 1400 tenuisset
785 1357 915 1418 morem,
940 1359 1035 1419 quem
1058 1358 1076 1398 a
1098 1339 1190 1419 patre
1213 1345 1390 1419 acceperat,

253 1443 290 1503 ut
304 1439 536 1503 vindemiarum
556 1441 700 1522 tempore
721 1440 941 1520 rusticaretur,
967 1460 1060 1502 curae
1076 1438 1204 1521 imperii
1225 1459 1292 1501 non
1314 1438 1392 1500 satis

254 1542 376 1605 dabant
399 1541 456 1604 otii
479 1541 518 1603 ad
542 1540 623 1603 vires
645 1540 833 1603 reficiendas
856 1541 904 1621 et,
935 1539 961 1601 si
984 1541 1092 1602 tamen
1116 1539 1236 1622 aliquid
1258 1540 1315 1603 otii
1337 1562 1393 1602 na-

255 1645 324 1706 ctus
348 1645 431 1705 esset
438 1692 446 1725 ,
475 1641 535 1704 hoo
563 1641 679 1705 litteris
701 1641 879 1704 tribuebat:
916 1661 1082 1723 possumus
1109 1641 1170 1704 hoc
1199 1642 1326 1705 efficere
1354 1663 1393 1703 ex

253 1743 317 1806 illis
345 1742 488 1826 epistolis
516 1764 596 1826 quae
623 1743 844 1806 inscribuntur
872 1749 910 1806 de
931 1749 1030 1806 Feriis
1052 1748 1233 1807 Alsiensibas
1253 1743 1393 1826 itemque

255 1867 292 1908 ex
323 1845 416 1928 epist.
446 1845 486 1907 ad
508 1843 630 1907 Antan.
658 1844 701 1926 H,
724 1843 746 1907 4
769 1846 801 1906 et
822 1844 852 1908 5.
897 1844 1018 1907 Eodem
1045 1844 1149 1907 refero
1178 1847 1301 1907 sextam
1329 1843 1393 1926 epi-

254 1946 384 2027 stolam,
413 1946 449 2008 in
471 1967 533 2029 qua
555 1944 675 2008 Fronto
704 1945 782 2009 artis
804 1948 978 2030 praecepta
999 1945 1115 2027 tradit,
1147 1945 1263 2008 additis
1286 1966 1392 2007 excer-

253 2048 318 2130 ptis
334 2045 547 2111 Sallustianis.
579 2047 644 2111 Sub
660 2047 738 2110 anni
757 2048 855 2111 finem
877 2047 1033 2129 scriptum
1055 2046 1201 2110 existimo
1223 2045 1392 2110 ridiculum

253 2151 428 2212 tractatum
451 2155 488 2212 de
510 2154 596 2213 Bello
617 2155 770 2213 Parthica.
816 2147 919 2223 Quam
943 2147 1058 2211 vellem
1079 2147 1268 2211 haberemus
1291 2146 1392 2210 Marci

254 2250 378 2314 Aurelii
401 2250 554 2313 iudicium
576 2250 614 2313 de
636 2253 704 2313 tam
731 2250 844 2333 putida
867 2252 899 2312 et
922 2248 999 2312 anili
1022 2248 1218 2331 eloquential

337 2352 407 2414 Iam
434 2352 504 2414 nati
532 2355 625 2415 erant
652 2352 773 2435 gemini
795 2350 985 2415 Commodus
1017 2353 1050 2413 et
1083 2351 1269 2414 Antoninus
1276 2401 1284 2433 ,
1321 2373 1393 2414 cum

255 2476 340 2515 anno
365 2453 424 2516 162
446 2453 626 2536 Imperator
654 2453 808 2517 scriberet
835 2452 1003 2536 epistolam
1024 2452 1051 2534 I,
1077 2454 1112 2534 1,
1142 2451 1314 2516 Frontonis
1342 2453 1392 2515 die

254 2554 372 2636 natali,
401 2555 455 2639 qui
477 2555 555 2639 fnit,
589 2559 626 2618 ut
648 2577 744 2637 supra
766 2554 946 2638 suspicatus
969 2576 1055 2636 sum,
1079 2554 1130 2616 die
1152 2552 1193 2616 V.
1217 2554 1290 2616 Kal.
1313 2553 1391 2616 Mai.

255 2655 441 2739 Respondet
468 2656 589 2719 Fronto
615 2657 651 2720 in
679 2656 771 2739 epist.
795 2656 822 2739 I,
852 2657 891 2738 2,
921 2656 957 2718 in
984 2677 1047 2738 qua
1075 2655 1393 2718 animadvertendum

255 2760 303 2820 est
325 2757 446 2821 Verum
467 2758 610 2820 nondum
636 2759 671 2820 in
705 2756 830 2839 Syriam
857 2757 1037 2840 profectum
1070 2778 1138 2820 esse
1165 2758 1198 2819 et
1224 2760 1393 2840 utrumque

253 2860 388 2922 fratrem
409 2858 543 2922 multam
565 2881 695 2942 operam
718 2859 793 2921 dare
816 2859 877 2921 arti
900 2858 1067 2921 oratoriae.
1101 2858 1258 2941 Magister
1278 2859 1394 2941 probat

255 2960 402 3044 discipuli
424 2960 586 3044 profectus
608 2963 641 3024 et
662 2962 828 3044 praeterea
850 2960 1013 3044 significat
1035 2982 1068 3023 se
1090 2959 1177 3024 brevi
1201 2960 1394 3043 scripturum

255 3084 323 3125 esse
351 3063 389 3125 de
417 3062 501 3145 aptis
528 3063 633 3126 verbis
661 3062 828 3147 eligendis
873 3061 986 3145 Itaque
1015 3061 1055 3124 ad
1076 3061 1156 3123 illud
1177 3062 1245 3124 fere
1266 3064 1394 3145 tempus

254 3164 357 3226 refero
373 3162 523 3246 epistolas
539 3170 576 3227 de
592 3169 772 3241 Eloquentia
795 3166 828 3227 et
848 3169 886 3226 de
902 3167 1104 3245 Orationibus,
1129 3185 1263 3247 quarum
1285 3165 1395 3225 tamen

255 3264 334 3328 haee
366 3264 461 3348 paulo
489 3266 646 3348 posterius
677 3265 797 3349 scripta
819 3267 878 3329 est.
923 3264 984 3328 Illa
1017 3264 1157 3328 creditur
1193 3265 1321 3347 quidem
1356 3263 1396 3326 ad

256 3365 300 3428 M.
323 3365 492 3430 Caesarem
520 3367 594 3429 data
617 3389 705 3450 esse,
730 3367 785 3430 sed
808 3366 836 3429 si
856 3365 1007 3429 foliorum
1029 3366 1174 3429 ordinem
1195 3369 1282 3429 reete
1305 3365 1404 3440 resti<

255 3466 321 3548 tui,
355 3468 477 3550 quade
505 3490 539 3530 re
565 3470 674 3531 tamen
702 3471 737 3531 in
765 3490 803 3530 ea
831 3467 948 3531 codicis
975 3470 1068 3550 parte
1103 3467 1262 3531 dubitatio
1289 3469 1396 3551 potest

255 3567 341 3649 oriri,
366 3569 441 3631 data
464 3571 512 3632 est
535 3569 574 3631 ad
589 3569 633 3632 M.
651 3569 856 3632 Antoninum
869 3568 1111 3652 Imperatorem.
1143 3567 1265 3631 Rhetor
1287 3568 1395 3631 omnia

255 3672 371 3752 movet,
400 3672 437 3733 ut
457 3671 683 3753 imperatorem
706 3694 725 3734 a
747 3671 860 3734 studiis
882 3669 1112 3754 philosophicis
1136 3669 1318 3733 abstrahat:
1341 3692 1395 3753 po-

255 3770 355 3833 stulat
386 3774 423 3834 ut
454 3773 607 3855 temporis
639 3773 836 3855 meminerit,
875 3795 973 3855 quum
1006 3794 1183 3854 synonyma
1219 3771 1412 3855 colligeret,

255 3872 353 3935 verba
374 3872 551 3955 singularia
573 3874 769 3957 requireret,
784 3877 942 3937 commata
965 3874 1003 3936 de
1025 3873 1210 3956 vulgaribus
1234 3863 1395 3957 elegantia

255 3973 416 4055 redderet,
452 3974 490 4037 de
525 3974 750 4038 contaminatis
783 3997 883 4056 nova,
917 3975 1093 4058 imaginem
1128 3975 1408 4056 adcommodaret,¹

255 4075 392 4157 figuram
413 4060 570 4157 inliceret,
593 4076 699 4158 prisco
716 4077 810 4139 verbo
830 4076 1015 4158 adornaret,
1041 4074 1177 4139 colorem
1199 4076 1395 4139 vetustulum

255 4175 462 4258 appingeret:
490 4198 571 4259 quae
593 4178 759 4259 occupatio
783 4179 869 4241 certe
891 4176 1083 4260 imperatore
1106 4176 1252 4240 Romano
1274 4176 1395 4261 dignis-

255 4277 336 4339 sima
351 4279 409 4339 est.
439 4276 632 4340 Prudentius
655 4300 732 4341 sane
753 4279 817 4341 fuit
832 4278 957 4342 Rustici
974 4278 1152 4360 consilium,
1177 4279 1232 4361 qui
1247 4278 1395 4340 iuvenem

135 4386 138 4399 '
255 4377 407 4457 ἁπέετηεε
431 4378 597 4458 ῥητορικὴ(
619 4381 669 4442 καὶ
691 4385 852 4460 ποιητικῆς
874 4381 924 4443 καὶ
947 4379 1172 4454 ἀετειολογίαε.

339 4479 444 4562 Epist.
480 4480 519 4542 ad
551 4479 672 4543 Verum
694 4481 736 4563 Π,
761 4482 779 4544 8
812 4482 933 4564 scripta
966 4484 1030 4562 est,
1065 4480 1150 4544 Vero
1185 4480 1327 4543 nondum
1360 4481 1394 4543 in

256 4578 381 4662 Syriam
408 4581 561 4663 profecto.
607 4580 668 4655 Qui
690 4604 788 4664 quum
810 4582 942 4647 Canusii
972 4584 1168 4664 aegrotaret,
1200 4583 1394 4666 amagistro

256 4682 381 4764 accepit
403 4703 451 4765 ep.
476 4683 515 4745 ad
537 4682 612 4746 Ver.
636 4682 679 4765 Il,
703 4683 732 4746 6.
765 4683 829 4746 Hic
850 4687 924 4766 post
946 4685 1118 4747 adventum
1140 4683 1176 4746 in
1199 4682 1324 4765 Syriam
1347 4705 1395 4745 ra·

255 4782 321 4845 rius
351 4784 480 4867 scripsit
506 4786 540 4846 et
566 4784 785 4868 negligentiae
818 4785 955 4848 colorem
983 4784 1140 4870 quaesivit
1167 4784 1202 4847 in
1224 4806 1273 4868 ep.
1298 4784 1393 4866 11,2.
