3300 5950
459 760 509 816 AD
527 760 563 814 Μ.
578 758 770 814 CAESAREM
787 758 835 814 ET
854 756 1007 813 INVICEM
1024 758 1132 811 LIBER
1149 759 1183 812 II.
1346 762 1386 823 37

243 957 324 1019 sum,
349 932 524 997 causidicos
545 932 582 995 in
604 927 806 994 undecimam
831 930 945 993 horam
967 929 1071 993 audio.
1112 927 1270 1011 Equidem
1291 930 1387 993 velim

241 1036 339 1100 istam
359 1037 498 1116 noctem,
528 1054 609 1117 quae
638 1032 791 1115 sequitur,
815 1053 912 1115 quam
933 1030 1154 1094 brevissimam
1176 1051 1253 1094 esse.
1289 1030 1386 1095 Tanti

210 1169 213 1173 ·
242 1140 292 1203 est
312 1137 420 1200 minus
441 1135 627 1215 lucubrare,
651 1137 688 1196 ut
709 1136 741 1197 te
764 1134 921 1197 maturius
943 1133 1078 1196 videam.

325 1237 416 1320 Vale,
440 1237 485 1300 mi
499 1235 654 1319 magister
676 1234 866 1298 dulcissime.
890 1233 995 1297 Mater
1016 1255 1088 1296 mea
1109 1236 1142 1297 te
1160 1234 1288 1297 salutat.
1313 1233 1383 1317 Spi-

241 1341 340 1403 ritum
360 1339 413 1402 vix
435 1338 548 1420 habeo,
572 1336 619 1400 ita
641 1358 711 1400 sum
734 1336 887 1400 defessus.

332 1575 409 1641 XV.
441 1575 501 1659 (Μ.
525 1574 652 1640 Cacsar
673 1572 799 1656 Magis)
812 1573 888 1639 ¹tro
912 1568 982 1639 Suo
1006 1568 1169 1639 Salutem
1191 1573 1293 1639 dicit.
1330 1588 1333 1594 ’

325 1728 481 1790 Profecto
505 1727 569 1790 ista
595 1730 652 1790 tua
685 1726 888 1810 benignitate
924 1746 1078 1808 magnum
1106 1726 1184 1788 inihi
1217 1729 1384 1811 negotium

241 1828 423 1914 peperisti2.
467 1826 553 1891 Nam
580 1826 636 1890 illa
671 1826 802 1890 cottidie
832 1828 888 1888 tua
916 1824 1066 1889 Lorium3
1097 1827 1222 1909 ventio,
1258 1828 1314 1891 illa
1348 1830 1383 1892 in

242 1951 347 1993 serum
369 1928 549 2011 expectatio
574 1976 948 1991 ............

600 2163 699 2229 XVI.
734 2163 901 2248 (Domino
923 2162 1025 2244 Meo.)

328 2368 334 2381 .
349 2368 376 2381 ..
393 2316 417 2403 p
430 2316 713 2398 abripereterrae⁶
724 2319 760 2378 ut
775 2315 892 2379 dicitur
906 2316 1003 2378 immo
1020 2315 1117 2378 cellae
1132 2315 1225 2379 filios.
1243 2316 1381 2381 Tantam

242 2421 281 2484 de
301 2418 483 2482 thensauris
505 2416 665 2480 Antonini
687 2418 857 2499 pecuniam
885 2417 1022 2500 prodigi,
1052 2438 1148 2499 quam
1169 2419 1277 2481 nescio
1300 2441 1381 2502 quae

240 2522 305 2584 ista
326 2519 424 2583 altilis
446 2518 575 2581 alumna
598 2518 746 2600 accipiat,
775 2520 860 2583 unde
888 2518 971 2581 nihil
993 2517 1181 2601 Egatheusss
1209 2520 1378 2601 acceperit.

325 2619 444 2695 Quanti
458 2641 532 2683 vero
554 2640 696 2682 rumores
717 2620 851 2701 adversi,
880 2622 1019 2702 quantae
1040 2620 1256 2701 querimoniae
1280 2622 1379 2684 exori-

242 2724 336 2787 entur
357 2721 448 2784 bonis
470 2720 542 2804 lege
564 2719 706 2783 Falcidia
728 2721 915 2785 distractis?

325 2822 459 2885 Lineam
479 2821 575 2884 istam
596 2820 752 2884 famosam
780 2825 876 2904 atque
899 2821 1091 2886 celebratam
1120 2826 1286 2906 ceteraque
1308 2827 1379 2888 tan-

241 2927 294 2988 tae
324 2922 478 3008 pecuniac
511 2924 701 2986 ornamenta
733 2922 804 3006 quis
831 2922 939 2987 emet?
981 2924 1050 2988 Tua
1082 2944 1163 2987 uxor
1194 2924 1221 2987 si
1255 2926 1377 3011 emerit,

243 3081 439 3090 .....—.--..

327 3166 340 3212 1
358 3159 444 3214 Unius
463 3176 555 3213 versus
573 3160 695 3228 spatium
711 3158 741 3211 in
759 3156 867 3212 Codice.

325 3284 340 3331 2
359 3276 424 3331 Cod.
441 3255 593 3346 proficioita
611 3278 639 3331 et
655 3295 698 3345 pr.
717 3294 753 3329 m.
770 3282 920 3344 perpecisti.

324 3370 340 3417 3
356 3361 489 3416 Antonini
506 3361 549 3414 Pii
566 3361 643 3427 villa,
665 3359 714 3414 ubi
733 3360 817 3414 etiam
840 3360 977 3414 extinctus
995 3362 1049 3427 est,
1076 3361 1112 3415 ad
1130 3361 1325 3415 duodecimum
1342 3365 1378 3417 ab

241 3447 310 3500 urbe
327 3445 457 3514 lapidem,
474 3446 547 3498 inter
564 3445 682 3498 Romam
701 3446 729 3497 et
746 3443 858 3498 Alsium.
895 3449 989 3499 ,Maius
1208 3456 1210 3463 '

324 3529 425 3582 4Post
446 3531 574 3583 lacunam
598 3527 696 3598 incipit
719 3527 785 3582 Cod.
805 3529 931 3582 Ambros.
952 3547 979 3598 p.
995 3533 1051 3582 104.
1093 3527 1216 3596 Sequens
1237 3530 1377 3599 fragmen-

241 3615 300 3667 tum
319 3614 352 3668 de
371 3629 426 3681 quo
443 3613 506 3667 vide
523 3612 679 3681 Epistulam
701 3613 737 3666 ad
753 3613 870 3688 Amicos,
883 3613 903 3666 I.
919 3620 964 3680 14,
987 3629 1043 3681 qua
1064 3614 1127 3666 tota
1148 3603 1192 3667 res'
1215 3615 1377 3683 explicatur,

239 3714 295 3752 non
312 3698 379 3752 satis
397 3713 536 3766 assequor,
551 3714 599 3750 cur
616 3696 705 3750 Maius
724 3714 786 3750 cum
802 3697 955 3750 Niebuhrio
974 3698 1078 3751 referat
1095 3697 1168 3751 inter
1189 3697 1320 3766 epistolas
1342 3701 1379 3755 ad

239 3782 276 3835 Μ.
289 3782 459 3836 Antoninum
476 3782 683 3850 Imperatorem.
721 3782 821 3834 Obstat
838 3782 897 3850 ipse
915 3783 998 3848 locus,
1025 3798 1080 3851 quo
1098 3782 1127 3836 in
1145 3781 1245 3836 Codice
1261 3783 1378 3839 Ambro-

239 3866 316 3920 siano
334 3867 404 3920 haec
420 3866 563 3934 legentum
583 3866 684 3931 obstat,
703 3865 778 3932 quod
789 3865 914 3932 Matidia,
931 3866 1080 3920 Faustinae
1097 3868 1250 3921 matertera
1266 3878 1377 3937 magna,

237 3950 285 4005 vix
301 3951 394 4020 potuit
410 3950 497 4003 vitam
514 3950 667 4019 producere
686 3966 772 4016 usque
791 3949 828 4002 ad
839 3949 875 4003 M.
889 3949 1060 4003 Antoninum
1071 3951 1157 4019 lmp.;
1176 3950 1225 4004 sed
1241 3944 1377 4022 imprimis

239 4035 352 4090 obstant
368 4035 438 4088 haec
455 4034 541 4087 verba
558 4034 587 4086 in
604 4033 751 4102 rescripto:
779 4037 840 4086 Tum
857 4039 952 4087 ‹lemum
975 4035 1101 4101 θαρεήεω
1119 4040 1179 4088 rote
1198 4038 1376 4102 βεβουλευμέ-

239 4137 310 4186 νοῑε,
333 4139 387 4172 eum
405 4123 504 4186 fuerint
522 4121 553 4170 ab
571 4123 613 4170 illo
632 4122 806 4185 comprobata:
830 4116 860 4169 id
877 4118 952 4186 quod
968 4120 1043 4172 recte
1061 4117 1114 4171 dici
1130 4120 1224 4186 potest
1240 4119 1274 4172 de
1295 4124 1376 4188 patre

239 4201 373 4269 Caesaris,
391 4196 504 4256 ininime
521 4217 587 4254 vero
606 4201 640 4255 dc
652 4200 770 4256 L.Ver0.
790 4202 883 4256 Etiam
893 4201 1065 4268 Victorinus,
1083 4203 1114 4254 ut
1132 4219 1165 4255 ex
1183 4202 1301 4271 epistola
1318 4205 1376 4272 pla-

237 4288 348 4342 nissime
366 4286 488 4353 conficio,
508 4303 570 4340 cum
586 4286 690 4339 Fronto
709 4285 744 4340 dc
762 4287 815 4340 hoc
832 4286 946 4355 negotio
959 4285 1101 4351 scriberet,
1119 4285 1242 4340 nondum
1260 4286 1377 4342 duxerat

238 4372 373 4427 Gratiam.
392 4370 433 4424 De
446 4386 476 4423 re
489 4372 667 4424 controversa
679 4370 712 4423 cf.
722 4370 829 4438 Digest.
839 4370 948 4424 XXXV.
962 4376 985 4423 2.
993 4377 1033 4424 26.
1053 4370 1089 4424 ad
1100 4371 1203 4438 Legem
1214 4370 1374 4426 Falcidiam.

322 4461 338 4510 5
357 4454 450 4509 Codex
467 4455 539 4508 teste
556 4455 630 4508 Maio
649 4466 672 4507 te
690 4467 789 4522 praeut.
828 4453 954 4508 Correxit
970 4455 1163 4508 Buttmarmus.

322 4546 338 4593 6
355 4538 444 4592 Maius
462 4539 560 4593 laudat
580 4538 789 4608 inscriptionem
809 4539 839 4592 in
861 4540 975 4608 rcgione
997 4538 1059 4592 viae
1079 4538 1154 4591 latae
1177 4541 1319 4608 repertam
1336 4541 1376 4606 (in

237 4622 303 4678 cod.
326 4622 390 4677 Vat.
415 4622 546 4676 Ottobon.
566 4630 632 4678 3129
654 4641 681 4691 p.
696 4626 750 4691 69):
778 4622 809 4675 T.
828 4622 955 4676 Aurelius
982 4622 1124 4690 Egatheus
1149 4622 1219 4691 imp.
1242 4623 1376 4677 Antonini

236 4709 308 4776 Aug.
330 4707 390 4761 Lib.
414 4709 438 4759 A
457 4705 594 4760 Codicillis
615 4709 648 4760 D.
671 4708 734 4761 Pos.
757 4738 789 4745 —
813 4710 844 4761 Τ.
862 4708 1021 4774 Αὐρήλι(ο)ε
1044 4707 1178 4770 Ἠγάθεοε
1203 4707 1374 4761 Ἀντωνίνου

238 4794 375 4859 (εβαετοῡ
394 4792 582 4857 ἀπελεύθερος
601 4793 647 4845 ἐπὶ
664 4797 725 4846 τῶν
744 4793 910 4846 κοδικίλλων
928 4795 1023 4858 δῶρον
1041 4791 1185 4858 ἀνέθηκεν.
