3300 5950
280 765 344 827 200
490 762 527 815 Μ.
547 760 715 815 CORNELII
732 759 939 813 FRCNTONIS
958 758 1214 813 EPISTULARUM

281 953 380 1013 cassu,
405 930 607 995 Baburianae
630 952 703 994 vero
725 951 835 1009 mopso
851 950 942 1011 opere
962 930 1136 993 iucundum
1157 930 1331 1013 impetratu
1351 931 1419 994 fue-

280 1034 343 1096 riu
358 1055 400 1095 1.
416 1082 422 1096 .
435 1036 532 1095 cunta
545 1082 551 1096 .
567 1082 574 1096 .
591 1054 670 1111 quae
682 1031 731 1095 ‘de
754 1030 916 1095 sententia
937 1032 995 1093 tua
1009 1052 1177 1094 usurarum
1189 1079 1328 1095 .......
1341 1053 1418 1114 pen-

281 1135 366 1197 ditur
395 1156 444 1197 0.
469 1184 476 1198 .
500 1157 521 1197 u
549 1133 739 1198 exstruendo
768 1132 963 1217 adiungatur
993 1181 1227 1196 ........
1236 1132 1245 1171 ¹
1269 1134 1353 1195 hone
1378 1181 1385 1195 .
1411 1184 1417 1195 .

280 1236 441 1319 quondam
465 1285 472 1299 .
498 1285 505 1299 .
529 1235 641 1319 petita.
683 1232 863 1299 Contulisse
887 1284 894 1297 .
919 1283 926 1297 .
949 1230 1104 1297 infamia²
1125 1232 1261 1299 multata
1282 1234 1418 1298 videtur.

265 1311 319 1399 'ld
340 1336 457 1420 populo
480 1358 603 1420 quoque
627 1384 965 1400 ...........

516 1486 564 1553 X.
597 1486 674 1572 (III
695 1486 795 1553 Viris
816 1487 855 1553 et
876 1485 1155 1571 Decurionibus)
1162 1487 1187 1552 ³.

367 1621 513 1697 Quantae
541 1621 621 1685 mihi
650 1642 743 1685 curae
773 1670 1272 1687 ................
1306 1622 1420 1685 multo-

282 1746 343 1808 que
365 1723 475 1787 malim
496 1723 620 1808 patriae
642 1724 771 1787 nostrae
793 1721 929 1786 tutelam
951 1724 1079 1787 auctam
1105 1744 1201 1806 quam
1222 1746 1327 1789 meam
1348 1744 1421 1808 gra-

281 1824 361 1889 tiam
370 1827 392 1888 4.

367 1925 470 2001 Quare
499 1926 614 1989 suadeo
639 1925 728 1989 vobis
756 1927 910 2009 patronos
940 1946 1046 1989 creare
1074 1926 1107 1988 et
1134 1925 1262 1989 decreta
1288 1926 1324 1989 in
1352 1947 1422 1991 eam

283 2048 351 2090 rem
371 2027 500 2089 mittere
522 2027 562 2089 ad
577 2048 641 2109 eos,
665 2025 719 2109 qui
741 2047 829 2089 nunc
847 2025 910 2089 fori
931 2026 1110 2109 principem
1124 2026 1230 2090 locum
1251 2030 1420 2111 occupant,

283 2128 447 2191 Aufidium
468 2126 681 2209 Victorinum,
710 2147 804 2210 quem
827 2126 862 2190 in
883 2147 1016 2190 numero
1043 2127 1241 2211 municipum
1263 2128 1420 2211 habetis⁵,

284 2229 311 2292 11
333 2229 365 2293 di
396 2228 529 2292 consilia
556 2251 627 2292 mea
655 2228 809 2293 iuverint:
837 2250 914 2291 nam
941 2226 1041 2290 filiam
1067 2248 1171 2291 meam
1199 2229 1354 2314 despondi
1381 2230 1420 2312 ei,

284 2351 344 2393 nec
371 2329 483 2393 melius
506 2316 567 2392 ¹aut
600 2329 679 2392 mihi
712 2328 766 2391 in6
798 2328 1037 2412 posteritatem,
1072 2331 1128 2392 aut
1155 2350 1244 2394 meae
1271 2330 1356 2393 filiae
1388 2331 1423 2393 in

284 2451 411 2494 omnem
432 2430 534 2492 vitam
556 2430 719 2493 consulere
734 2428 834 2512 potui,
858 2450 953 2512 quam
975 2450 1047 2493 cum
1061 2428 1159 2493 talem
1174 2430 1254 2493 mihi
1268 2452 1422 2515 generum

218 2577 234 2596 „
287 2530 377 2595 cum⁷
399 2530 462 2594 illis
484 2531 625 2594 moribus
646 2531 801 2613 ioniaque
824 2529 1006 2612 eloquentia
1029 2529 1121 2615 elegi.

370 2630 539 2696 Servilium
556 2652 681 2715 quoque
697 2629 859 2695 Silanum8
874 2630 1030 2713 optimum
1051 2634 1083 2695 et
1099 2631 1362 2696 facundissimum
1377 2632 1423 2695 11-

286 2754 358 2795 rum
372 2732 441 2795 iure
456 2731 627 2815 municipis
642 2734 814 2816 patronum
825 2730 996 2815 habebitis,
1014 2754 1086 2797 eum
1100 2733 1143 2796 sit
1155 2732 1262 2799 vicina
1277 2735 1310 2796 et
1321 2732 1424 2796 amica

287 2833 415 2897 civitate
447 2831 598 2917 Hippone
626 2831 739 2917 Regio.
783 2830 982 2895 Postumium
1013 2833 1162 2897 Festum⁰
1193 2836 1225 2898 et
1246 2854 1369 2897 morum
1391 2836 1424 2896 et

371 3087 388 3124 a
404 3073 438 3123 In
456 3076 581 3138 merpine:
603 3069 731 3124 Postulat
748 3099 781 3108 -
798 3084 865 3124 vero
882 3067 1033 3123 iucundum
1049 3098 1083 3108 -
1100 3068 1192 3124 fuerit.

371 3281 384 3329 1
403 3274 536 3328 Excidere
555 3273 663 3341 septem
680 3286 783 3324 versus.

370 3365 385 3412 2
405 3357 472 3413 Cod.
491 3374 533 3426 pr.
552 3374 588 3410 m,
608 3360 743 3422 infamiam.

375 3440 578 3497 3Exciderunt
603 3440 632 3493 in
658 3438 758 3493 Codice
785 3438 857 3491 duae
882 3438 1010 3506 paginae.
1044 3439 1145 3508 Incipit
1161 3458 1189 3509 p.
1208 3445 1266 3495 306.
1301 3441 1427 3508 Apparet

290 3527 404 3594 quidem
434 3525 533 3592 quibus
560 3523 679 3593 epistola
703 3520 882 3576 inscribenda
908 3522 960 3590 sit,
991 3522 1041 3577 sed
1066 3523 1150 3577 binae
1174 3524 1287 3577 fuenmt
1311 3524 1427 3578 Fronto-

289 3611 331 3664 nis
348 3610 377 3662 in
395 3610 448 3663 hoc
465 3609 536 3662 libro
554 3607 665 3662 litterae
687 3607 724 3661 ad
745 3605 879 3672 IHViros,
906 3606 1055 3676 deprimis
1072 3606 1164 3661 verbis
1181 3607 1318 3662 dubitatio
1337 3609 1426 3661 estet

288 3694 349 3749 fieri
365 3694 460 3763 potest
478 3695 510 3746 ut
528 3691 682 3761 supplenda
705 3689 760 3744 sint
781 3691 869 3744 verba
887 3691 1037 3760 superioris
1055 3691 1203 3760 epistolae:
1233 3694 1311 3745 Meae
1327 3697 1425 3759 ploriae

288 3785 371 3834 totius.
408 3777 533 3831 Praetuli
551 3775 625 3843 quod
644 3792 706 3829 eum
728 3774 858 3830 foliorum
875 3774 1055 3844 dispositione
1073 3774 1171 3828 melius
1189 3774 1348 3841 quadraret.

372 3867 388 3914 4
405 3861 541 3915 Videntur
559 3858 652 3913 Cirtae
675 3858 836 3913 deoru-iones
858 3856 988 3928 petivisse
1006 3875 1023 3912 a
1040 3858 1179 3912 Frontone
1202 3860 1234 3912 ut
1250 3859 1359 3928 patriae
1385 3861 1426 3913 tu·

287 3946 374 4000 telam
390 3945 555 4014 susciperet3
573 3943 618 3997 hie
634 3959 701 3998 vero
720 3944 846 4009 suadere,
863 3943 895 3996 ut
912 3941 980 3996 alios
997 3941 1089 4011 potius
1107 3943 1241 4011 patronos
1260 3942 1425 3997 adsciscant.

287 4034 382 4087 Maiae.
419 4027 528 4097 Operae
545 4026 666 4097 pretium
684 4028 727 4081 est
743 4027 788 4082 hic
807 4027 931 4082 conferre
948 4025 1139 4081 Niebuhrium.

372 4118 387 4168 5
404 4112 571 4167 Niebuhnius
588 4111 659 4180 legit
676 4115 806 4166 babebitis.

372 4203 387 4250 6
404 4195 521 4251 Addidit
537 4196 720 4250 Heindorfius.

372 4281 448 4334 'lIta
466 4279 566 4335 Codex.

372 4371 388 4419 8
406 4363 552 4419 Servilium
570 4363 693 4418 Silanum
712 4364 813 4419 oceidit
831 4362 1006 4429 Commodus,
1024 4361 1165 4431 Lamprid.
1185 4380 1207 4417 c.
1227 4369 1250 4418 7.
1287 4363 1368 4420 Certe
1385 4365 1427 4418 illi

183 4469 184 4472 ¹
288 4450 395 4517 Silano,
422 4450 469 4517 qui
486 4449 540 4503 fuit
563 4449 657 4504 consul
675 4465 748 4502 anno
768 4446 914 4502 Commodi
929 4446 996 4516 imp.
1016 4445 1280 4516 decimo,„plerique
1299 4452 1427 4504 auctores

287 4534 316 4587 in
333 4535 469 4588 fastorum
487 4532 594 4603 Sigonii
612 4531 819 4588 continuatione
837 4547 939 4585 nomen
955 4529 1062 4585 faciunt
1080 4528 1234 4585 Servilium.
1270 4537 1365 4590 Maius.

372 4624 387 4671 9
405 4618 519 4672 Festum
536 4617 709 4672 Postumium
731 4634 794 4670 cum
811 4614 952 4669 Frontone
974 4615 1070 4668 nostro
1087 4614 1263 4669 fabulantem
1279 4616 1348 4672 facit
1365 4617 1427 4672 Gel-

287 4701 340 4754 lius
357 4701 428 4755 XIX.
451 4709 489 4755 13.
525 4702 616 4755 Lubet
634 4705 729 4755 autam
747 4700 897 4754 observare
914 4696 1056 4752 Titianum
1072 4697 1151 4752 illum
1169 4701 1322 4768 oratorem,
1345 4701 1392 4768 qui
1410 4717 1427 4754 a

288 4784 401 4840 Sidonio
419 4785 469 4854 Ep.
489 4787 509 4838 Ι.
531 4791 544 4838 1
564 4784 665 4839 dicitur
683 4785 761 4837 secta
777 4781 980 4850 frontonianus,
997 4782 1027 4837 in
1043 4782 1225 4855 inscriptione
1242 4785 1344 4851 vetere,
1362 4784 1427 4852 (Sir-
