3300 5950
272 781 332 845 130
480 780 516 834 M.
537 779 707 835 CORNELII
723 780 931 836 FRCNTONIS
949 780 1206 836 EPISTULARUM

269 951 419 1015 Fiduciae
442 953 557 1015 amoris
580 953 774 1036 ignoscito¹,
799 953 825 1016 si
855 953 961 1037 piguit
983 952 1117 1018 consilia
1138 976 1189 1017 me
1211 954 1412 1038 singularum

268 1076 374 1117 rerum
396 1054 533 1118 forsitan
555 1054 590 1117 in
607 1054 673 1119 dies
688 1055 844 1118 mutanda
859 1055 918 1118 sub
932 1056 1056 1118 incerto
1079 1055 1183 1119 adhuc
1206 1058 1293 1120 exitu
1315 1056 1412 1119 dubia

268 1156 503 1220 existimatione
521 1156 744 1239 perscribere.
791 1155 928 1220 Causam
956 1178 1073 1239 quaeso
1100 1160 1168 1219 tam
1201 1158 1304 1222 iustae
1336 1181 1412 1222 cun·

269 1258 418 1322 ctationis
442 1258 591 1341 accipias.
624 1256 808 1341 CurigItur
829 1257 900 1321 aliis
922 1280 1018 1342 quam
1038 1258 1098 1322 tibi
1114 1259 1263 1341 saepius?
1285 1263 1322 1322 ut
1342 1260 1412 1323 bre-

267 1362 350 1424 viter
373 1359 550 1423 absolvam:
574 1360 724 1443 quoniam
746 1360 885 1443 quidem,
908 1360 972 1423 nisi
994 1359 1041 1423 ita
1055 1360 1205 1444 facerem,
1229 1360 1276 1423 illi
1297 1362 1413 1425 irasce-

267 1465 389 1544 rentur,
413 1461 682 1545 u1²ign0seeres3
704 1461 750 1523 ill'
767 1463 923 1544 tacerent,
940 1464 977 1525 tu
991 1460 1170 1545 flagitarem
1190 1462 1255 1525 illis
1270 1462 1412 1526 officium

267 1564 373 1626 officio
400 1563 628 1647 repensabam,
663 1564 723 1627 tibi
752 1585 893 1627 amorem
920 1585 979 1646 pro
1008 1585 1114 1627 amore
1142 1564 1305 1628 debeaml.
1357 1566 1411 1628 An

266 1664 362 1728 velles
386 1665 426 1728 ad
447 1667 479 1728 te
503 1687 626 1750 quoque
648 1688 698 1729 me
721 1664 846 1728 Iltteras
861 1665 1009 1748 invitum,
1034 1668 1231 1748 querentem,
1254 1666 1411 1729 festinan-

266 1770 348 1849 tem,
377 1752 452 1850 quia
481 1788 611 1831 necesse
640 1769 709 1831 erat
736 1766 842 1849 potius
871 1788 966 1850 quam
994 1768 1069 1850 quia
1086 1768 1228 1849 libebat,
1259 1768 1411 1831 darem4?

267 1868 330 1932 Cur
353 1870 469 1950 autem,
493 1869 628 1952 inquies,
653 1890 719 1931 non
741 1867 888 1932 libebat?
917 1867 999 1942 Quia
1015 1890 1119 1953 neque
1142 1869 1217 1931 dum
1239 1870 1411 1952 quiequam

266 1970 419 2033 eiusmodi
448 1970 596 2033 effectum
624 1973 710 2053 erat,
745 1973 781 2032 ut
808 1972 841 2032 te
869 1969 995 2033 luberet
1022 1970 1062 2032 ad
1090 1970 1202 2054 gaudii
1224 1971 1410 2034 societatem

266 2093 389 2135 vocare.
426 2070 591 2135 -Curarum
613 2093 703 2153 vere,
735 2093 816 2154 quae
838 2092 889 2133 me
912 2071 979 2134 dies
1001 2075 1175 2155 noctesque
1197 2072 1410 2135 miserrimum
1519 2123 1521 2127 .
1564 2066 1567 2070 ’

265 2173 415 2256 habuere,
441 2176 473 2236 et
486 2195 585 2257 prope
602 2174 661 2236 ad⁵
677 2172 933 2255 desperationem
948 2194 1090 2260 summae
1105 2174 1152 2238 rei
1167 2173 1231 2256 perl
1241 2174 1408 2254 6duxere'l,

264 2275 372 2338 faeere
394 2275 586 2358 participem
607 2273 771 2339 hominem
794 2274 1004 2357 carissimum,
1028 2277 1061 2338 et
1083 2296 1177 2357 quem
1199 2296 1324 2357 semper
1346 2275 1409 2337 lae-

264 2380 334 2439 tum
357 2398 424 2440 esse
448 2397 606 2459 cuperem,
629 2376 734 2439 fateor
755 2399 821 2440 uon
844 2376 986 2439 lubebat.
1022 2374 1091 2439 Nee
1114 2376 1200 2439 enim
1222 2376 1301 2439 illud
1322 2377 1409 2439 lube-

264 2478 321 2540 bat
350 2477 433 2540 aliud
463 2477 604 2559 dolere⁸,
635 2477 721 2541 aliud
748 2476 845 2560 loqui.
892 2476 1049 2542 Simulare
1078 2476 1212 2541 Lucium
1239 2478 1410 2561 quicquam

265 2579 416 2643 adversus
443 2575 655 2661 Frontonem,
692 2600 710 2640 a
738 2600 799 2662 quo
829 2599 889 2662 ego
916 2580 1004 2662 prius
1032 2578 1133 2641 multo
1170 2578 1406 2662 simplieitatem

264 2682 455 2764 verumque9
478 2702 623 2743 amorem
658 2703 753 2765 quam
785 2680 937 2763 loquendi
969 2678 1068 2763 pofite
1097 2680 1300 2763 disciplinam
1329 2681 1408 2743 didi-

265 2783 345 2846 cisse
368 2804 418 2845 me
445 2782 610 2865 praedico!
656 2781 813 2864 Equidem
837 2784 932 2864 paeto
954 2803 1092 2865 quoque,
1124 2782 1208 2866 quod
1236 2782 1323 2845 inter
1350 2804 1409 2846 nos

263 2884 454 2968 iampridem
475 2883 668 2965 intercessit,
693 2884 771 2946 satis
793 2904 844 2945 me
860 2882 900 2945 ad
915 2883 1043 2946 veniam
1057 2883 1294 2965 impetrandam
1315 2906 1408 2966 para-

262 2987 364 3050 tum¹⁰
382 3009 450 3051 esse
465 2988 613 3050 arbItror.
645 2986 834 3069 Denique¹¹,
859 3007 1050 3068 quamquam
1072 2983 1152 3048 mihi
1174 2985 1341 3050 lacessitus
1357 2987 1409 3049 a'2

262 3111 313 3152 me
336 3090 462 3172 saepius
484 3110 660 3173 numquam
681 3091 791 3151 tamen
817 3087 1051 3170 rescripsisses,
1082 3087 1228 3150 dolebam
1250 3088 1406 3170 hercules,

263 3190 454 3273 sedpacti13
475 3191 628 3254 memoria
649 3211 716 3253 non
739 3189 974 3254 suscensebam.
1006 3188 1171 3251 Postremo
1194 3189 1269 3271 quid
1291 3187 1408 3271 plura?

262 3314 303 3354 ne
330 3292 437 3374 potius
460 3291 630 3355 defendere
657 3313 708 3354 me
732 3313 828 3374 quam
856 3311 947 3353 orare
975 3290 1155 3353 tevidear:
1184 3290 1330 3372 peccavi,
1360 3290 1407 3353 fa·
1483 3301 1489 3305 “

262 3397 347 3475 te0r3
371 3393 521 3456 adversus
544 3414 638 3476 quem
660 3393 792 3457 minime
815 3393 937 3456 decuit:
961 3391 1106 3456 etiamid
1128 3392 1241 3455 fateor.
1287 3391 1349 3455 Sed
1371 3395 1407 3454 tu

262 3494 374 3558 melior
396 3498 473 3558 esta.
520 3493 604 3559 Satis
627 3516 804 3577 poenarum
827 3494 889 3578 lui,
919 3494 1057 3578 primum
1085 3494 1120 3557 in
1150 3515 1186 3556 e0
1209 3494 1294 3575 ipso,
1324 3492 1407 3575 quod

264 3703 466 3714 ......-—-——-

349 3824 360 3869 1
382 3815 448 3870 Cod.
467 3832 509 3883 pr.
529 3829 566 3867 m.
585 3820 720 3884 ipaospito.

258 3956 260 3960 ,
347 3899 447 3954 2C0d.
465 3919 506 3968 pr.
524 3918 560 3952 m.
579 3912 613 3952 at.

347 3992 362 4038 3
381 3989 507 4039 Debeham
523 3983 731 4038 rescribendum
750 3984 799 4038 aut
817 3989 905 4038 debeo.
943 3990 1116 4052 lleindorfice.
1154 3985 1225 4038 Illud
1243 3983 1353 4038 rectius.

345 4069 424 4123 Ilta
443 4068 543 4124 Codex.

345 4154 440 4208 50m.
460 4155 556 4208 Maius.

346 4245 361 4291 6
379 4238 481 4308 Incipit
500 4238 566 4292 Cod.
585 4256 612 4307 p.
631 4245 689 4292 421.

346 4330 361 4378 7
378 4323 468 4377 Maius
486 4324 594 4377 confert
612 4323 701 4393 Capit.
719 4325 748 4377 in
766 4324 840 4378 Vero
860 4341 881 4377 c.
899 4331 922 4378 6.

346 4414 362 4461 8
382 4407 447 4461 Cod.
466 4426 508 4477 pr.
528 4426 564 4461 m.
585 4414 681 4462 dolore.

346 4500 361 4547 9
379 4493 408 4545 L.
428 4499 538 4561 verique.
576 4498 751 4562 Heindorfius.

331 4584 361 4629 10
380 4575 446 4630 Cod.
467 4594 508 4646 pr.
526 4596 563 4630 m.
581 4590 707 4645 paratam.

330 4669 359 4715 11
378 4661 455 4715 Idem
472 4662 500 4715 h.
518 4662 536 4714 l.
559 4663 633 4730 quod
651 4671 746 4726 saltem,
766 4674 844 4717 certe.
872 4666 1048 4730 Heindorfias.

331 4753 361 4799 12
379 4744 450 4799 Add.
471 4764 524 4804 sec.
544 4765 580 4801 m.

330 4836 360 4884 13
379 4828 484 4883 Codex:
506 4835 580 4899 facti.
