3300 5950
292 804 332 871 76
501 801 537 856 Μ.
553 791 722 857 CORNELII
739 798 946 855 FRONTONIS
964 797 1221 853 EPISTULARUM

292 974 418 1038 animo¹
448 973 618 1036 hauserim.
663 973 777 1055 Itaque
809 993 930 1055 poenas
963 972 1013 1054 do,
1047 972 1184 1054 irascor,
1219 972 1322 1035 tristis
1351 995 1432 1054 sum,

291 1081 476 1159 ZnAoruud)7
512 1075 582 1138 cibo
606 1096 707 1137 careo
752 1074 812 1137 His
835 1096 923 1138 nunc
952 1095 1012 1157 ego
1039 1074 1123 1137 curis
1145 1073 1312 1137 devincius
1345 1075 1433 1138 obse-

175 1232 182 1237 .
291 1179 399 1262 quium
422 1177 582 1241 scribendi
605 1176 720 1239 cotidie
748 1176 783 1238 in
811 1175 895 1238 diem
916 1179 1080 1259 posterum
1105 1176 1234 1258 protuli.
1281 1174 1342 1239 Sed
1369 1176 1434 1239 iam

292 1280 410 1363 aliquid
448 1277 685 1360 comminiscar3
720 1280 752 1340 et
779 1277 863 1361 quod
890 1280 997 1341 orator
1025 1278 1155 1361 quidam
1188 1277 1305 1340 atticus
1334 1277 1433 1341 Athe-

290 1381 451 1444 niensium
484 1380 665 1444 contionem
698 1380 850 1442 monebat
861 1430 870 1463 7
908 1401 1150 1463 nonnumquam
1182 1380 1440 1461 permittendum-

290 1483 416 1567 legibus
439 1482 604 1562 dormirea,
635 1481 745 1544 libris²
766 1481 929 1545 Aristonis
948 1480 1132 1564 propitiatis
1159 1481 1321 1565 paulisper
1346 1482 1432 1565 quie·
1512 1506 1515 1511 ’

291 1605 378 1647 scere
401 1584 582 1665 concedam,
606 1604 718 1666 meque
748 1584 787 1646 ad
815 1584 914 1646 istum
935 1582 1128 1646 histrionum
1149 1583 1297 1665 poenam3
1329 1586 1433 1646 totum

291 1687 484 1768 convertam,
508 1684 618 1749 lacteis
639 1685 728 1769 prius
751 1685 978 1748 oratiunculeis
999 1684 1172 1748 tullianeis,
1212 1683 1356 1748 Scribam
1379 1708 1431 1748 au-

290 1788 356 1849 tem
382 1784 569 1850 alterutram
595 1790 735 1871 partem:
771 1808 849 1850 nam
883 1787 993 1850 eadem
1022 1787 1060 1849 de
1094 1808 1128 1849 re
1159 1786 1302 1850 diversa⁴
1337 1787 1429 1868 tueri,
1510 1808 1514 1820 ·

290 1909 464 1970 numquam
485 1910 597 1970 prosus
619 1890 666 1952 ua
689 1888 824 1952 dormiet
836 1888 955 1970 Ariste,
979 1889 1027 1951 uti
1049 1890 1242 1971 permittat.⁵
1271 1888 1363 1969 Vale,
1387 1890 1432 1951 mi

289 1989 408 2071 optime
431 1991 463 2052 et
484 1989 708 2053 honestissime
730 1990 894 2074 magister.
939 1989 1077 2053 Domina
1099 2012 1170 2054 mea
1192 1993 1224 2054 te
1247 1990 1331 2054 salut
1352 1993 1375 2054 t.

626 2130 702 2204 Lepi
723 2132 892 2190 Emendavi
912 2133 966 2205 qui
984 2147 1089 2206 supra.

699 2313 743 2376 M.
766 2311 1015 2378 FRONTONIS

560 2436 640 2495 mu.
663 2436 742 2495 nu.
764 2418 890 2495 unua.
934 2438 991 2495 ru.
1014 2436 1095 2498 nm.
1118 2437 1155 2496 v.
1178 2458 1180 2461 >

731 2548 986 2602 EPIsTULARUM

669 2655 729 2731 AD
751 2656 793 2714 M.
818 2654 1047 2715 CAESAREM

693 2828 700 2833 „
725 2769 788 2845 ur
806 2768 965 2822 runem.

756 2945 959 2953 ——-

531 3059 597 3123 AD
620 3059 663 3123 M.
688 3059 960 3125 CAESAREM
988 3059 1131 3125 LIBRI
1152 3060 1184 3124 V

721 3203 730 3207 '
786 3195 924 3249 INDEX.

306 3303 316 3350 1
336 3297 380 3350 ⁶Si
399 3297 545 3365 quicquam
564 3313 613 3352 nos
631 3313 715 3351 amas.
888 3304 904 3352 9
923 3297 952 3351 Si
969 3297 1077 3352 animus
1094 3299 1250 3352 Faustinae.

304 3388 318 3434 2
337 3382 397 3450 Ego
415 3389 443 3434 te
461 3399 612 3450 numquam
630 3381 704 3435 satis.
871 3379 956 3437 ro‘ut
974 3382 1086 3438 consilio
1107 3383 1156 3435 tuo
1175 3383 1321 3450 obsequor.

302 3473 318 3518 3
336 3465 478 3530 Miserere3
497 3469 597 3519 unum⁷
614 3466 738 3520 verbum.
870 3474 900 3520 11
918 3469 957 3521 At
974 3467 1085 3521 hercule
1103 3464 1361 3535 complentem...

301 3556 317 3602 4
337 3549 402 3604 Cras
420 3567 464 3604 me
484 3550 588 3604 dehoc
606 3550 699 3605 verbo.
869 3560 900 3605 12
918 3551 1006 3605 Nimis
1024 3551 1071 3604 diu
1089 3550 1228 3603 sollicitus.

302 3640 317 3686 5
336 3633 425 3698 Quam
443 3633 521 3689 fortis
539 3634 677 3689 advenias.
869 3643 900 3691 13
917 3635 1032 3689 Mirifice
1051 3651 1103 3704 ego
1122 3634 1243 3704 quidem.

302 3724 317 3771 6
335 3719 433 3773 Fortes
450 3720 582 3774 venimua
869 3728 900 3775 14
918 3722 950 3774 In
966 3718 1060 3774 madia
1076 3720 1261 3774 incommoda.

302 3811 316 3857 7
336 3796 419 3857 Sume
438 3805 538 3870 cibum,
557 3805 681 3859 Domine.
869 3814 900 3860 15
917 3805 1053 3859 Adflictas
1070 3823 1131 3858 sum
1148 3806 1253 3860 labore.

301 3894 316 3939 8
335 3887 445 3958 Sumpsi
463 3889 563 3943 cibum.
868 3898 899 3944 16
917 3889 1057 3960 Fatigatis,
1075 3889 1130 3944 ista
1148 3892 1204 3943 tua.

369 4094 386 4131 a
405 4082 437 4130 ln
454 4083 577 4146 marpine:
597 4077 698 4132 Orator
715 4077 924 4132 Atheniensium
943 4078 1099 4133 contionem
1117 4109 1150 4117 -
1168 4078 1295 4132 dormire.

370 4272 382 4317 1
404 4265 509 4318 Codex:
528 4270 633 4318 animos.

368 4357 383 4402 2
403 4348 506 4402 Codex:
526 4356 551 4401 in
569 4354 649 4416 libra,
666 4350 716 4404 sed
732 4355 758 4402 in
776 4349 886 4404 videtur
905 4350 1034 4403 deletum.

368 4441 384 4487 3
402 4434 473 4486 Puia
490 4433 620 4486 Plautum
638 4434 687 4488 aut
703 4434 831 4489 Novium.
862 4439 955 4488 Maius.
1002 4433 1140 4504 Hauptiue
1163 4433 1271 4488 scribit:
1295 4440 1424 4491 Ιιὶεινίοιιί-

282 4537 336 4570 cum
352 4529 460 4585 poetam.

367 4591 384 4637 4
402 4582 467 4637 Cod.
487 4603 528 4654 pr.
547 4604 583 4638 m.
604 4593 718 4640 deversa.
756 4588 789 4641 cf.
809 4587 846 4641 ad
862 4588 898 4641 M.
914 4586 989 4643 caes.
1009 4587 1042 4653 V,
1055 4592 1095 4641 27.

368 4674 383 4721 5
402 4667 506 4722 Codex:
523 4676 665 4738 permittas.

367 4758 382 4804 6
400 4752 500 4822 Incipit
519 4754 584 4808 Cod.
603 4755 667 4810 Vat.
687 4774 714 4825 p.
730 4762 786 4811 128.

368 4843 381 4891 7
403 4835 509 4892 Codex:
528 4861 592 4897 narn.
