3300 5950
282 809 324 872 46
493 802 529 857 Μ.
544 800 713 857 CORNELII
730 797 937 855 PRONTONIS
955 796 1211 853 EPISTULARUM

283 979 355 1041 sinu
378 998 433 1039 suo
456 975 576 1038 socium
599 973 768 1057 dignitatis
790 971 912 1055 gloriae
934 971 1171 1053 bonorumquea
1187 970 1330 1035 omnium
1351 991 1423 1053 par-

283 1078 413 1161 ticipem
441 1079 575 1139 tutatur.
621 1073 692 1137 Hac
721 1073 862 1157 imagine
894 1071 1089 1135 multimodis
1123 1073 1171 1135 nti
1204 1076 1294 1154 potes
1326 1072 1382 1135 ubi
1399 1072 1421 1155 l¹

283 1179 368 1260 patri
396 1182 452 1242 tuo
475 1177 596 1261 gratias
623 1196 709 1260 ages,
743 1175 778 1237 in
811 1170 1046 1257 quaeratione
1073 1172 1358 1255 locupletissimum
1392 1176 1424 1235 ct

285 1280 536 1362 copiosissimum
557 1280 591 1340 te
614 1298 682 1339 esse
704 1278 840 1358 oportet.
885 1273 976 1337 Nihil
1004 1277 1053 1337 est
1078 1274 1163 1337 enim
1194 1276 1277 1357 quod
1303 1278 1340 1338 tu
1369 1278 1424 1338 aut

283 1380 448 1444 honestius
471 1383 527 1442 aut
548 1380 653 1442 verius
687 1380 742 1439 aut
775 1376 928 1439 libentius
956 1376 990 1438 in
1019 1377 1106 1439 omni
1140 1376 1206 1439 vita
1238 1380 1295 1439 tua
1323 1377 1422 1457 dicas,

283 1503 379 1565 quam
401 1481 484 1565 quod
507 1481 545 1543 ad
568 1479 728 1542 ornandas
751 1477 852 1561 patris
875 1478 922 1539 tui
944 1477 1054 1539 laudes
1075 1477 1262 1560 pertinebit.
1308 1477 1424 1540 Postea

284 1604 343 1667 ego
377 1596 606 1666 quamcumque
643 1582 751 1645 εἰκόνα
778 1578 842 1642 huc
867 1578 1027 1659 addidero,
1063 1599 1128 1641 nou
1157 1600 1256 1660 aeque
1283 1577 1425 1661 placebit

282 1683 353 1765 tibi,
377 1687 413 1746 ut
435 1683 515 1745 haec
543 1703 624 1765 quae
652 1681 691 1743 ad
720 1682 845 1763 patrem
872 1682 965 1742 tuum·
990 1680 1145 1762 pertinet:
1173 1683 1241 1742 tam
1268 1678 1329 1741 hoc
1358 1680 1423 1741 scio

283 1805 379 1866 quam
400 1787 436 1846 tu
458 1782 605 1845 novisti².
652 1780 754 1856 Quam
781 1782 821 1844 ob
848 1803 916 1843 rem
944 1782 1012 1863 ipse
1042 1780 1138 1843 aliam
1166 1782 1274 1846 εἰκόνα
1301 1779 1424 1842 nullam

284 1884 430 1965 adiciam,
454 1884 509 1946 sed
531 1883 689 1945 rationem
711 1903 774 1964 qua
798 1884 868 1943 tute
895 1903 1029 1963 quaeras
1052 1882 1228 1945 ostendam.
1253 1880 1297 1943 Et
1320 1903 1423 1944 amem

271 1969 349 2067 ⁴te33
377 1988 414 2047 tu
442 2006 520 2067 quas
548 1985 672 2049 εἰκόνα(
704 1980 738 2044 in
767 1982 901 2045 eandem
936 2004 1003 2045 rem
1034 1983 1271 2046 demonstrata⁴
1298 1982 1422 2044 ratione

284 2085 477 2169 quaesiveris
505 2088 538 2148 et
564 2083 735 2164 inveneris
765 2083 886 2145 mittito
914 2083 1005 2165 mihi,
1040 2087 1086 2167 ut,
1122 2085 1147 2147 si
1170 2084 1301 2147 tfuerint
1323 2085 1422 2147 scitae

284 2190 379 2270 atque
403 2188 589 2266 concinnae,
614 2185 780 2268 gaudeam.

367 2287 436 2351 Iam
458 2287 596 2369 primum
618 2286 745 2368 quidem
766 2285 845 2348 illud
867 2287 944 2368 scis,
975 2288 1083 2353 εἰκόνα
1109 2287 1138 2350 ci
1160 2287 1207 2350 rei
1229 2287 1362 2369 adsumi,
1386 2289 1423 2349 ut

284 2392 340 2452 aut
361 2390 452 2451 ornet
475 2387 564 2470 quid,
589 2389 644 2449 aut
666 2387 823 2470 deturpet,
855 2391 911 2450 aut
933 2389 1131 2471 aequiperet,
1162 2391 1218 2450 aut
1246 2388 1420 2469 deminuat,

283 2493 340 2553 aut
362 2488 503 2570 ampliet,
533 2490 589 2549 aut
617 2508 654 2549 ex
681 2488 787 2550 minus
821 2489 964 2552 credibili
998 2489 1148 2552 credibile
1183 2489 1312 2552 efficiat.
1357 2488 1421 2552 Ubi

282 2589 364 2653 nihil
390 2611 498 2653 eorum
526 2609 601 2651 usus
630 2589 691 2651 erit
697 2639 705 2671 ,
740 2589 827 2652 locus
861 2591 985 2655 εἰκόνος
1014 2613 1080 2653 non
1108 2590 1178 2653 erit.
1222 2590 1339 2653 Postea
1366 2590 1422 2653 ubi

196 2746 199 2761 ,
282 2713 316 2754 re
344 2692 506 2774 proposita
532 2690 742 2774 eimaginem⁵
766 2691 906 2772 scribes,
941 2694 977 2753 ut
1009 2692 1036 2754 si
1069 2692 1230 2775 pingeres,
1259 2692 1422 2775 insignia‘i
1520 2746 1524 2754 .

283 2791 550 2877 animadverteres
580 2791 646 2854 eius
669 2792 730 2873 rei,
766 2792 855 2854 cuius
882 2792 1058 2875 imaginem
1087 2794 1253 2875 pingeres3
1286 2793 1364 2855 item
1386 2793 1421 2856 in

282 2892 450 2955 scribendo
478 2891 587 2955 facies
626 2891 773 2976 Insignis
801 2896 908 2956 autem
931 2893 1081 2976 cuiusque
1103 2893 1150 2956 rei
1183 2894 1292 2956 multis
1320 2894 1421 2957 modis

283 2994 391 3077 eliges,
414 2995 454 3058 τὰ
477 2995 627 3078 ὁμογενῆ,
655 2996 694 3059 τὰ
717 2996 859 3078 ὁμοειδῆ,
887 2997 926 3060 τὰ
949 2997 1020 3079 aaa,
1042 2997 1193 3078 τὰμέρη,
1216 2998 1255 3059 τὰ
1277 2997 1352 3079 ἴδια,
1380 2999 1420 3060 τὰ

282 3095 439 3176 διάφορα,
467 3097 506 3158 τὰ
529 3095 735 3178 ἀντικείμενα,
765 3098 804 3160 τὰ
825 3097 967 3175 ἑπόμενα
993 3099 1044 3160 καὶ
1062 3096 1084 3178 p
1100 3102 1419 3180 παρακολουθοῦντα,

281 3197 321 3259 τὰ
349 3197 507 3278 ὀνόματα,
540 3198 580 3259 τὰ
608 3198 835 3280 ευμβεβηκότα,
859 3199 898 3260 τὰ
926 3203 1065 3276 ετοιχεῑα
1087 3201 1119 3261 et
1151 3199 1218 3262 fere
1252 3199 1359 3262 omnia
1382 3221 1420 3262 ex

282 3296 396 3378 quibus
425 3300 615 3380 argumenta
643 3301 827 3360 sumuntur:
861 3297 899 3361 de
933 3298 1047 3381 quibus
1084 3299 1270 3382 plerumque
1304 3296 1421 3364 audisti

283 3418 354 3459 cum
377 3398 552 3474 Θεοδώρου
574 3398 659 3460 locos
681 3399 952 3478 tarxerpqurwv⁸
973 3402 1193 3465 tractaremus,
1237 3400 1358 3463 Eorum
1380 3402 1420 3462 si-

282 3497 357 3580 quid
379 3498 549 3560 memoriae
572 3501 645 3562 tuae
669 3498 812 3582 elapsum
834 3503 892 3581 est,
923 3522 989 3563 non
1011 3501 1126 3564 inutile
1149 3502 1209 3564 erit
1231 3503 1341 3565 eadem
1360 3522 1419 3563 nos

281 3637 312 3644 »-
318 3639 349 3644 .-
357 3640 375 3643 -
401 3639 482 3644 .-.—..-

366 3716 383 3752 a
401 3704 434 3753 In
451 3706 579 3768 margine:
597 3700 628 3752 In
647 3700 713 3754 alio:
733 3700 878 3754 honorum.

366 3909 379 3955 1
398 3902 499 3971 Incipit
517 3902 583 3956 Cod.
602 3900 665 3958 Vat.
685 3920 712 3974 p.
726 3911 782 3958 122.

366 3995 381 4040 2
398 3986 505 4041 Verba:
524 4000 573 4040 tam
591 3994 638 4043 Ιιοο
655 3996 707 4044 scio
726 4011 798 4059 quom
817 4001 843 4043 tu
861 3995 963 4045 novali:
982 3988 1122 4050 adduntur
1140 3990 1261 4047 secunda
1279 4009 1370 4046 manu.

365 4079 380 4125 3
399 4071 465 4124 Tria
481 4072 567 4126 verba
585 4073 681 4127 addita
698 4089 751 4127 see.
770 4092 806 4127 m.

363 4162 380 4208 4
399 4155 503 4209 Codex:
523 4164 676 4212 demonstra.

365 4240 441 4294 5Ita
459 4239 558 4295 Codex.

365 4330 380 4377 6
399 4323 502 4378 Codex:
521 4332 621 4394 Insigni.

365 4414 379 4460 7
397 4408 498 4477 Incipit
515 4408 581 4463 Cod.
600 4411 664 4465 Vat.
683 4431 710 4481 p.
725 4419 781 4466 121.

365 4498 381 4545 8
400 4491 479 4547 Cod:
505 4495 704 4562 ἐπιχειρήματα
727 4509 785 4552 tum.
821 4496 946 4567 Correxit
962 4499 1058 4552 Maius.
1094 4499 1222 4568 Intellige
1240 4501 1418 4556 Theodorum

280 4577 325 4631 vel
346 4576 506 4644 byzantium
527 4579 572 4631 vel
590 4579 750 4650 gadareum.
786 4580 829 4634 De
846 4581 889 4636 his
907 4583 1064 4637 rhetoribus
1086 4583 1188 4654 legesis
1207 4584 1261 4638 Cic.
1280 4586 1358 4639 Brut.
1379 4593 1418 4651 1⁸2,

281 4661 357 4714 Orat.
374 4667 416 4726 12,
444 4659 609 4715 Strabonem
626 4663 685 4717 XII.
705 4683 732 4733 p.
748 4671 824 4732 1101,
848 4665 1010 4719 Suetonium
1028 4668 1088 4721 Tib.
1110 4675 1155 4734 61,
1181 4669 1340 4723 Iuvenalem
1356 4669 1417 4724 VII.

282 4750 339 4810 177,
358 4742 611 4806 Qrunetillnstlll.
622 4755 644 4814 1,
663 4746 797 4803 Senecam
810 4748 887 4803 Suas.
899 4751 946 4814 HI,
961 4750 1089 4806 Controv.
1096 4753 1129 4807 II.
1137 4760 1160 4821 9,
1178 4754 1417 4818 Fortunatianum‚

281 4828 475 4898 Augustinum,
484 4829 612 4883 ltufinum
620 4832 649 4885 in
659 4833 729 4887 rhet.
739 4836 793 4888 vet.
813 4838 909 4892 Maius.
927 4835 1007 4890 Adde
1016 4835 1330 4907 8ροιιςο1.Ευναγ.τεχν.
1342 4841 1415 4906 p.98.
