3300 5950
242 779 244 783 ’
256 808 342 853 χΧνῙ
688 787 966 843 PROLEGOMENA.

255 960 408 1024 iudicium
433 960 517 1023 ferre
545 960 583 1023 de
610 958 781 1022 Frontonis
810 961 879 1022 arto
909 960 1057 1022 oratoria.
1106 960 1146 1023 In
1183 961 1247 1023 fine
1275 960 1393 1024 Caesar

256 1061 439 1144 significare
461 1061 595 1142 videtur,
619 1061 674 1123 sed
697 1060 849 1143 ambigua
870 1082 921 1123 res
939 1063 997 1142 est,
1021 1082 1054 1123 se
1070 1061 1223 1125 Pollionis
1244 1062 1392 1144 magistri

256 1162 445 1226 auctoritate
472 1163 513 1225 ab
539 1161 666 1225 Horatii
693 1160 830 1225 lectione
859 1162 1046 1225 deterritum
1075 1184 1143 1225 esse
1170 1162 1264 1245 idque
1292 1162 1392 1227 Hero-

255 1263 327 1327 dem
358 1263 548 1347 improbare.
593 1262 754 1327 Rescribit
781 1262 901 1326 Fronto
930 1266 962 1327 ot
992 1263 1101 1327 multis
1132 1264 1238 1328 verbis
1269 1266 1392 1347 gratias

155 1401 157 1406 ·
255 1366 325 1451 agit
338 1365 364 1447 I,
382 1368 411 1429 7.

338 1466 379 1529 In
400 1465 505 1550 Epist.
528 1467 577 1548 H,
603 1466 619 1528 1
650 1466 769 1528 Fronto
792 1466 946 1548 explicat,
972 1488 1028 1529 cur
1049 1468 1191 1530 nondum
1213 1470 1391 1533 orationem

254 1570 289 1632 in
312 1571 426 1631 senatu
453 1567 604 1631 habuerit
631 1570 663 1631 et
685 1566 848 1651 significat
869 1589 902 1630 se
924 1568 1063 1652 August.
1086 1568 1133 1632 ld.
1158 1569 1195 1632 de
1218 1569 1267 1633 Pii
1291 1571 1390 1634 laudi-

254 1671 314 1733 bus
343 1692 411 1734 csse
439 1670 608 1733 dictarum.
654 1668 786 1751 Caesar,
816 1669 871 1751 qui
897 1672 976 1732 tune
1001 1670 1129 1754 longius
1156 1671 1281 1753 aberat,
1313 1672 1390 1736 duas

254 1775 430 1855 postremas
453 1771 602 1854 epistolas
625 1770 720 1834 simul
742 1764 881 1853 accepit:
905 1774 989 1834 certe
1012 1771 1051 1833 ad
1073 1774 1239 1855 utramque
1261 1794 1390 1855 respon·

255 1874 308 1936 det
329 1873 371 1956 ΙΙ,
395 1875 426 1936 2.
471 1872 566 1956 Legit
594 1871 744 1935 Plautum
772 1874 805 1935 ct
827 1871 999 1954 Naevium,
1029 1873 1092 1935 nisi
1119 1872 1257 1937 Novium
1284 1875 1388 1938 malis.

254 1972 350 2038 Brevi
371 1978 461 2058 post,
485 1974 628 2037 oratione
650 1973 685 2036 in
701 1976 815 2037 senatu
830 1973 975 2055 recitata,
999 1974 1119 2039 Fronto
1141 1974 1253 2038 scribit
1275 1976 1390 2058 episto-

252 2078 318 2140 lam
332 2076 358 2158 I,
376 2077 406 2139 8.
438 2075 557 2139 Suadet
572 2075 736 2158 discipula
754 2097 795 2139 ne
810 2075 893 2138 solos
907 2078 1017 2157 poetas
1033 2078 1182 2168 sectetur,
1200 2077 1255 2140 sed
1270 2076 1390 2160 aliquid

252 2178 405 2261 temporis
419 2178 542 2241 tribuat
555 2198 668 2261 prosae
683 2199 806 2260 quoque
818 2176 965 2240 orationi.
993 2177 1093 2240 Addit
1103 2177 1222 2240 Fronto
1235 2178 1391 2242 Graecam

254 2279 420 2362 epistolam
435 2279 533 2343 Matri
549 2278 693 2343 Caesaris
708 2279 913 2362 inscriptam,
937 2301 1017 2361 quae
1032 2279 1117 2341 inter
1133 2278 1271 2342 Graecas
1286 2280 1390 2363 prima
1446 2273 1450 2280 ’

254 2383 311 2443 est.
357 2380 474 2443 Iisdem
501 2402 624 2464 quoquc
653 2381 763 2443 diebus
790 2378 909 2443 Fronto
937 2380 1104 2463 epistolam
1130 2380 1274 2463 scripsit,
1309 2402 1390 2464 quae

253 2484 302 2545 est
323 2482 426 2564 prima
449 2482 489 2543 ad
511 2480 714 2544 Antoninum
735 2481 845 2562 Pium,
875 2502 972 2563 quum
994 2483 1169 2544 orationem
1191 2482 1334 2546 mitteret
1354 2484 1390 2547 in

219 2580 221 2584 ’
254 2583 320 2646 eius
352 2583 479 2646 laudem
512 2582 641 2646 dictam.
691 2582 901 2665 Respondent
932 2581 1008 2644 Pius
1040 2581 1075 2643 in
1108 2581 1209 2645 altera
1243 2583 1387 2667 epistola,

252 2684 379 2748 Marcus
401 2686 436 2747 in
459 2685 553 2767 epist.
576 2684 619 2766 ΙΙ,
643 2685 679 2766 3,
708 2684 743 2747 iu
772 2705 835 2767 qua
857 2682 978 2765 optimo
1000 2681 1193 2747 adolescenti
1217 2685 1314 2749 verba
1337 2685 1389 2749 de·

252 2789 329 2849 sunt
356 2786 396 2848 ad
424 2785 672 2869 praedicandam
705 2784 939 2848 admirabilem
956 2783 1129 2847 Frontonis
1163 2784 1387 2868 eloquentiam.

252 2886 416 2970 Epistulae
438 2887 481 2968 H,
505 2886 526 2949 4
552 2908 619 2950 non
649 2885 712 2948 nisi
741 2908 876 2968 parvum
897 2887 1117 2969 fragmentum
1139 2889 1302 2951 servatum
1324 2891 1388 2971 est,

252 2989 380 3054 Marcus
407 2989 547 3054 studiose
571 2988 725 3054 Catonem
752 2988 843 3073 legit.
888 2987 1019 3052 Ultimis
1048 2988 1159 3051 diebus
1180 3011 1223 3052 m.
1247 2989 1389 3074 Augusti

252 3093 373 3175 scripta
403 3114 526 3176 quoquc
555 3093 604 3154 est
631 3090 723 3174 epist.
752 3089 795 3174 H,
820 3091 850 3154 8.
901 3090 1006 3152 Mater
1034 3089 1195 3171 Caesaris,
1226 3091 1266 3152 ad
1293 3112 1389 3173 qaam

252 3193 346 3257 simul
367 3194 455 3256 misit
477 3193 611 3256 alteram
634 3192 788 3256 Graecam
816 3190 1000 3275 epistolam,
1030 3192 1113 3254 diem
1140 3190 1282 3254 natalem
1310 3192 1388 3257 cele·

251 3295 383 3358 bratura
405 3297 462 3376 est,
487 3316 546 3357 nec
568 3296 677 3357 tamen
691 3293 810 3356 Fronto
831 3292 968 3355 maxime
992 3293 1123 3376 cupiens
1138 3291 1296 3375 Neapolin
1319 3314 1388 3357 evo-

251 3396 318 3458 lare
339 3397 460 3478 potest,
490 3396 574 3477 quia,
593 3395 734 3458 noudum
757 3394 892 3457 eiuravit
912 3393 1148 3476 magistratum.
1193 3392 1283 3468 Quod
1304 3394 1410 3457 Mar-x

253 3518 308 3560 cus
329 3497 495 3579 respondit
511 3496 554 3578 H,
571 3496 601 3577 9,
624 3496 692 3559 fere
714 3495 818 3579 periit.
851 3493 1085 3558 Creberrimum
1106 3494 1171 3558 fuit
1190 3494 1254 3557 illis
1276 3495 1388 3559 diebus

253 3598 458 3682 epistolarum
487 3597 725 3678 commercium,
754 3619 831 3660 nam
857 3597 953 3680 plane
980 3598 1107 3660 constat
1128 3596 1191 3659 huc
1212 3597 1291 3660 item
1318 3619 1388 3681 per-

251 3700 354 3763 tinere
378 3699 522 3764 Caesaris
545 3699 638 3782 epist.
661 3697 704 3780 II,
730 3699 779 3762 10.
823 3698 924 3761 Totus
946 3697 1052 3761 estin
1074 3697 1203 3780 studiis,
1230 3698 1387 3781 imprimis

252 3801 358 3884 diligit
369 3804 510 3865 vetustos
525 3803 651 3884 postca,
663 3799 780 3883 itaque,
798 3799 966 3863 dummodo
977 3798 1083 3863 locum
1094 3801 1180 3862 recte
1195 3799 1386 3884 intelligam,

251 3903 367 3966 iterum
395 3903 557 3987 significat
585 3923 619 3966 se
640 3901 834 3985 flagrantem
861 3900 1065 3984 antiquitatis
1093 3921 1214 3983 amore,
1243 3900 1388 3965 Pollione

252 4007 396 4085 auctore,
422 4004 462 4067 ab
484 4002 619 4067 Horatio
642 4001 825 4066 alieniorem
848 4024 916 4066 esse
937 4002 1070 4066 facturn.

335 4104 375 4168 In
397 4104 489 4188 epist.
511 4105 555 4186 H,
581 4104 620 4167 13
642 4105 675 4166 et
698 4103 738 4165 14
765 4103 883 4168 Caesar
910 4103 1023 4169 scribit
1052 4103 1112 4166 sibi
1140 4103 1235 4166 unice
1262 4104 1388 4187 placore

253 4207 417 4289 Catonem,
441 4206 546 4268 minus
568 4204 695 4287 placere
718 4203 921 4286 Sallustium,
945 4210 1000 4268 sed
1021 4204 1139 4269 iudicia
1160 4205 1262 4268 otium
1284 4206 1324 4269 ad
1345 4207 1388 4269 lo-

252 4308 392 4392 gcndum
420 4308 573 4371 eximunt.
617 4306 739 4370 Eodem
766 4307 851 4370 refer
876 4305 920 4387 Π,
946 4307 1000 4389 15,
1029 4306 1104 4389 quia
1132 4327 1171 4368 ex
1202 4305 1387 4371 brevissimo

250 4410 434 4492 fragmento
456 4410 590 4491 apparet
611 4407 805 4472 Frontonem
827 4429 979 4491 prospera
1000 4407 1182 4470 valetudine
1205 4408 1267 4490 uti,
1291 4430 1389 4491 quum
1417 4486 1421 4492 Ι

250 4510 337 4573 inira
364 4509 539 4574 videbimus
572 4531 644 4573 eum
672 4531 758 4573 anno
793 4508 977 4573 consulatus
1010 4508 1059 4571 sui
1091 4529 1159 4571 uon
1193 4512 1386 4592 aegrotasse.

80 4588 85 4643 3
148 4618 163 4630 ‘
252 4609 339 4686 Quae
362 4611 504 4693 sequitur
526 4611 618 4694 epist.
642 4609 676 4673 H
683 4660 691 4692 ,
718 4612 757 4675 16
785 4634 858 4675 cum
885 4609 1041 4692 rescripto
1063 4609 1112 4691 II,
1139 4611 1177 4672 17
1206 4610 1244 4673 de
1265 4610 1388 4674 heredi-

251 4714 318 4776 tate
340 4710 503 4793 Matidiae,
528 4734 584 4775 cur
607 4712 733 4775 credam
755 4710 883 4777 Caesari
905 4711 1014 4773 datam
1035 4732 1113 4794 esse,
1136 4734 1203 4775 non
1225 4711 1269 4774 M.
1287 4712 1387 4774 Anto-

251 4813 329 4881 nino
351 4813 550 4901 Imperatori,
574 4812 678 4876 dicam
700 4812 740 4874 ad
761 4810 957 4875 Frontonem
977 4811 1093 4896 ipsum.
1138 4813 1257 4879 Iisdem
1278 4813 1388 4878 diebus
