3300 5950
666 716 946 777 recursurum.
1342 740 1380 785 31

238 891 365 974 quando
380 893 542 973 repertum
558 890 628 971 erit,
653 889 748 952 simul
762 890 962 972 habebimus,
981 894 1017 954 ut
1032 882 1257 973 mox’patebit,
1282 891 1381 954 Fron-

238 992 362 1056 toniani
399 992 530 1073 codicis,
566 992 618 1075 qui
652 1014 739 1054 nunc
774 992 890 1055 desunt
917 993 1036 1055 medios
1065 993 1301 1075 quaterniones.
1347 993 1381 1057 Si
1411 985 1413 987 ¹

239 1095 308 1177 quis
337 1094 487 1156 amissum
516 1092 662 1156 volumen
686 1097 832 1176 quaeret,
863 1093 947 1175 qnod
973 1094 1042 1157 fore
1071 1115 1164 1177 spero
1191 1095 1246 1178 qui
1273 1096 1380 1157 facere

239 1195 349 1277 velint,
374 1195 455 1258 sciat
469 1194 567 1258 libros
582 1194 757 1258 Bobienses
780 1195 963 1278 pervenisse
981 1195 1126 1276 Romam,
1149 1195 1377 1277 Mediolanum,

240 1297 410 1379 Veronam,
435 1295 620 1378 Neapolim,
644 1296 870 1361 Vindobonam
892 1299 925 1359 et
947 1298 1130 1380 Augustam
1152 1296 1379 1379 Taurinorum3

178 1412 190 1432 ⁹
240 1398 469 1471 Escorialensis
501 1397 696 1461 bibliotheca
730 1422 771 1461 an
805 1398 903 1470 libros
937 1397 1111 1462 Bobienses
1139 1397 1272 1479 habeat,
1315 1420 1381 1461 non

243 1500 390 1583 comperi.
532 1568 535 1572 ,

323 1600 465 1684 Uterque
489 1601 586 1664 codex
608 1602 781 1685 rescriptus
803 1606 866 1685 est,
889 1607 962 1685 post
978 1606 1125 1666 renatam
1140 1606 1280 1666 veterem
1302 1602 1378 1664 seri-

241 1707 368 1787 pturam
401 1707 620 1786 apparuerunt
651 1706 779 1787 praeter
810 1703 983 1767 Frontonis
1011 1703 1173 1787 Epistolas
1197 1702 1382 1786 Symmachi

242 1806 425 1886 Orationes,
458 1804 619 1868 Ciceronis
648 1804 828 1869 Scholiasta
860 1805 1029 1869 Bobiensis
1057 1805 1112 1889 qui
1139 1810 1251 1888 postea
1279 1805 1382 1868 dictus

243 1910 304 1989 est,
328 1928 431 1989 pauca
453 1907 608 1989 quaedam
629 1907 813 1990 fragmenta
835 1906 1114 1989 Moeso-Gothica,
1144 1907 1280 1989 denique
1307 1905 1382 1968 laci-

242 2009 315 2071 niae
347 2010 507 2071 traetatus
540 2008 578 2072 dc
606 2008 731 2072 haeresi
759 2009 964 2072 Arianorum.
1014 2008 1185 2072 Praeterea
1213 2009 1248 2070 in
1276 2007 1382 2071 codice

242 2109 400 2173 Vaticano
422 2110 553 2173 unicum
567 2110 679 2173 folium
694 2110 796 2174 Persii
816 2110 1037 2193 fragmentum
1059 2110 1157 2173 habet
1180 2113 1212 2173 et
1234 2110 1381 2190 alterum,

243 2211 352 2274 itidem
379 2211 526 2293 unicum,
561 2212 781 2296 fragmentum
808 2211 979 2275 Iuvenalis,
1023 2211 1062 2274 In
1091 2211 1304 2274 Ambrosiano
1334 2232 1383 2273 co-

243 2313 311 2376 dice
340 2315 410 2376 octo
437 2313 576 2397 paginae
605 2314 726 2377 habent
752 2315 883 2396 partem.
904 2312 1001 2376 Plinii
1023 2312 1225 2396 Panegyrici.
1270 2312 1383 2395 ltaque

244 2417 415 2496 supersunt
448 2418 519 2477 octo
553 2415 697 2478 codicum
729 2416 930 2498 fragmenta,
963 2414 1225 2478 Moeso-Gothicas
1251 2413 1383 2477 Reiffer-

245 2514 402 2578 scheidius
430 2516 465 2578 ni
492 2515 587 2579 fallor
615 2517 757 2580 editurus
786 2519 849 2599 est,
884 2517 986 2580 Persii
1015 2519 1048 2580 et
1074 2515 1235 2579 Iuvenalis
1263 2516 1384 2578 amicus

244 2639 332 2680 meus
355 2616 558 2680 collationem
580 2618 668 2681 dedit
688 2620 724 2682 in
746 2624 873 2684 Schedis
901 2626 1069 2701 Vaticanis,
1097 2619 1137 2681 ad
1159 2617 1385 2701 Symmachum

245 2721 277 2781 et
299 2718 460 2782 Ciceronis
476 2718 689 2783 Scholiastam
711 2721 805 2784 idem.
817 2723 940 2804 postea,
964 2723 1001 2783 ut
1022 2698 1124 2803 spero,
1149 2720 1279 2801 redibir3
1302 2717 1385 2801 quod

235 2820 270 2882 si
303 2820 409 2883 minus
443 2823 570 2904 exsequi
603 2824 723 2905 poterit
754 2825 885 2905 propter
918 2844 989 2885 eam
1022 2844 1151 2884 causam
1184 2843 1279 2903 quam
1307 2819 1383 2899 dixi,

246 2921 338 2986 amici
363 2922 429 2986 cius
453 2923 621 3008 curabunt,
645 2946 686 2988 nc
708 2927 776 2988 tam
798 2924 887 2988 utilis
909 2946 1005 3007 opera
1026 2924 1122 2987 nimis
1145 2922 1199 2985 diu
1220 2922 1330 2985 lateat.

329 3023 474 3106 Scriptus
502 3029 550 3089 est
578 3026 675 3090 codex
705 3026 959 3107 Frontonianus,
992 3026 1079 3088 cuius
1102 3024 1223 3088 Romae
1245 3024 1385 3107 paginae

153 3127 160 3139 ’
249 3127 322 3207 106,
357 3126 530 3190 Mediolani
556 3127 695 3212 paginae
722 3128 786 3192 282
814 3131 958 3191 servatae
986 3130 1073 3209 sunt,
1102 3126 1188 3190 binis
1217 3125 1383 3206 columnis,

245 3249 378 3310 quarum
400 3226 546 3311 singulae
568 3251 676 3292 versus
698 3214 820 3292 habent
848 3228 966 3292 XXIV.
1010 3229 1050 3292 In
1078 3228 1214 3313 singulis
1242 3227 1385 3291 versibus

244 3328 422 3392 litterarum
444 3351 595 3393 numerus
617 3352 683 3394 non
707 3334 811 3394 certus
835 3335 893 3414 est,
918 3354 990 3395 raro
1012 3333 1124 3394 tamen
1147 3331 1233 3394 infra
1255 3328 1385 3412 quinde-

246 3430 307 3492 cim
330 3430 379 3492 vel
401 3452 496 3513 supra
517 3431 644 3514 viginti.
688 3432 782 3515 Ipsae
804 3433 931 3497 litterae
954 3433 1115 3516 speciosae
1138 3433 1224 3513 sunt,
1248 3431 1384 3494 semiun-

246 3531 340 3593 ciales
363 3554 401 3595 ac
422 3531 516 3615 paulo
539 3533 739 3597 rotundatas.
784 3534 1033 3621 Descripturus
1062 3537 1166 3606 aetate
1189 3532 1295 3595 variae
1317 3532 1384 3594 fue-

245 3635 321 3695 runt
342 3633 482 3696 virorum
504 3634 669 3699 doctorum
691 3635 874 3718 opiniones:
897 3634 1001 3699 Maius
1024 3635 1282 3718 antiquissimam
1303 3632 1384 3695 iudi-

247 3735 298 3796 cat
319 3737 353 3797 et
366 3735 429 3817 ipsi
450 3734 606 3799 Frontoni
628 3759 727 3820 prope
743 3737 922 3820 aequalem,
945 3737 1122 3801 Niebuhrio
1144 3736 1226 3798 liber
1247 3735 1385 3817 scriptus

246 3856 312 3898 esse
335 3835 459 3899 videtur
480 3836 576 3919 paulo
600 3841 675 3900 ante
698 3839 825 3921 septimi
849 3837 966 3902 saeculi
988 3838 1126 3900 initium.
1173 3837 1273 3899 Addit
1294 3857 1385 3918 prae-

246 3939 343 4018 terea,
368 3937 406 4000 de
428 3959 491 4020 qua
513 3959 547 4000 re
571 3937 704 4002 lectores
726 3940 879 4002 iudicium
900 3940 985 4003 ferre
1007 3941 1221 4022 poteruntcx
1243 3938 1384 4021 imagine

247 4038 312 4100 aeri
328 4037 439 4120 incisa,
463 4060 559 4122 quam
574 4039 678 4103 Maius
699 4041 837 4122 addidit,
860 4041 1033 4104 Frontonis
1055 4039 1173 4102 codicis
1194 4039 1385 4120 scripturam

246 4139 280 4202 in
302 4140 468 4222 permultis
491 4141 609 4204 referre
631 4141 866 4206 Pandectarum
888 4142 1006 4205 librum
1027 4141 1260 4204 Florentinum.
1300 4139 1385 4202 Ean-

247 4241 317 4304 dem
346 4262 413 4304 esse
435 4242 618 4328 iuncturam
639 4243 820 4306 litterarum
842 4243 873 4307 N
896 4246 928 4306 ct
950 4242 993 4324 T,
1028 4263 1222 4326 quamquam
1250 4240 1313 4302 alia
1340 4241 1385 4303 di-

245 4364 337 4406 versa
360 4345 439 4426 sint,
469 4365 572 4426 neque
595 4347 749 4427 appareat
769 4346 805 4408 in
827 4343 1045 4407 Frontoniano
1068 4344 1174 4407 codice
1203 4341 1223 4406 S
1245 4341 1325 4404 illud
1348 4363 1387 4404 ex

246 4445 371 4508 cursiva
393 4445 530 4527 petitum
552 4445 720 4527 scriptura.
765 4445 805 4507 In
827 4445 1011 4508 universum
1033 4444 1263 4526 elegantiorem
1285 4443 1386 4507 multo

245 4547 414 4630 minusque
435 4547 625 4610 festinatum
646 4568 714 4610 esse
734 4546 989 4609 Frontonianmn
1005 4546 1155 4608 codicem.
1188 4544 1386 4627 Quamquam

245 4646 440 4712 Niebuhrius
455 4647 540 4712 Maio
561 4671 627 4713 non
648 4648 820 4731 persuasit,
844 4650 993 4711 accurata
1014 4648 1157 4711 codicum
1177 4646 1385 4710 vetustiorum

247 4748 375 4812 collatio
418 4750 611 4814 monstrabit
649 4772 721 4815 eum
758 4771 825 4816 non
858 4749 955 4833 longe
989 4749 1153 4812 aberrasse
1188 4771 1206 4811 a
1238 4747 1383 4810 veritate.
