3300 5950
632 795 814 855 PRINCIPIA,
832 796 1034 850 HISTORIAE.
1341 801 1404 864 205

263 986 313 1028 res
336 964 465 1049 publica
487 965 648 1048 poposcit,
678 966 826 1029 omnibus
849 966 1000 1050 Arpinati
1029 968 1218 1050 paupertate
1240 971 1296 1031 ant
1319 967 1402 1031 Nur-

263 1068 334 1130 sina
357 1066 495 1130 duritia¹
511 1067 644 1130 ducibus
667 1066 846 1130 bellicosior
861 1067 968 1130 extitit
993 1117 999 1130 .
1019 1116 1025 1130 .
1045 1117 1052 1132 .
1074 1117 1080 1130 .
1104 1067 1241 1132 Parthos
1256 1068 1403 1134 Romano

263 1167 421 1251 sanguine
442 1168 582 1250 inpiatos
608 1216 747 1230 .....
772 1167 890 1230 orbant
914 1217 920 1231 .
947 1218 954 1231 .
978 1169 1170 1252 tranquillus
1195 1220 1400 1234 .......

265 1318 667 1332 .............
678 1268 1400 1353 1²oratoribus2..‚atque........

264 1372 303 1433 .’“.
328 1419 499 1434 ......
510 1371 537 1451 13
559 1370 635 1434 olim
657 1371 806 1434 adversus
821 1369 984 1435 Romanos
999 1372 1162 1436 intentum
1183 1376 1216 1436 et
1237 1370 1400 1456 infestum,

262 1474 295 1534 et
316 1471 537 1535 instruetuml.
582 1471 681 1535 Bellis
703 1474 913 1536 exercitatum
937 1523 943 1535 .
969 1523 976 1536 .
1002 1523 1008 1536 .
1036 1475 1065 1535 .⁵
1088 1477 1128 1536 ab
1149 1473 1275 1537 insidiis

461 1879 568 1958 ratum
597 1898 694 1960 quum
723 1878 762 1941 ad
787 1926 793 1940 .
818 1898 912 1941 omne
939 1876 1066 1942 facinus
1095 1878 1275 1941 audendum
1308 1900 1399 1962 prae-

261 1999 334 2061 ceps
371 1978 561 2062 agebatur‚-
583 1978 672 2041 nullo
702 1979 767 2041 iam
796 1978 930 2061 scelere,
966 1978 1053 2074 qnod
1082 1979 1220 2044 atrocius
1257 1980 1397 2063 auderet,

259 2079 413 2163 reliquob.
655 2085 658 2093 '

342 2179 425 2243 Tum
453 2182 658 2264 praetereae
688 2232 695 2245 .
727 2232 732 2244 .
766 2183 863 2244 ...θ
896 2181 1084 2245 truend.m
1115 2230 1122 2245 .
1154 2231 1161 2244 .
1188 2231 1194 2246 .
1226 2182 1320 2245 ...⁷
1356 2203 1399 2246 no

259 2281 467 2345 datum...
494 2281 628 2346 .⁸trato
659 2282 779 2346 bellum
803 2331 810 2345 .
837 2331 844 2345 .
868 2283 1004 2346 randum
1028 2331 1069 2346 ..
1114 2282 1167 2344 Ad
1204 2281 1265 2346 hoe
1294 2331 1300 2344 .
1327 2331 1334 2345 .
1363 2282 1398 2345 in

258 2382 376 2447 bellum
398 2381 561 2465 profectus
589 2387 638 2447 est
666 2405 738 2447 cum
761 2383 899 2468 cognitis
920 2382 1075 2447 militibus
1097 2383 1221 2446 hostem
1242 2382 1399 2446 Parthum

259 2484 548 2566 contemnentibus,
572 2484 763 2569 sagittarum
785 2484 869 2548 ictus
890 2487 964 2567 post
984 2484 1133 2568 ingentia
1154 2483 1314 2547 Dacorum
1339 2483 1398 2547 fal-

259 2583 347 2647 cibus
368 2583 470 2648 inlata
492 2584 622 2649 volnera
650 2586 827 2668 despicatui
849 2584 1073 2649 habentibus⁰.
1118 2583 1237 2649 Multos
1259 2585 1397 2648 militum

257 2684 430 2767 imperator
458 2708 514 2749 suo
543 2708 697 2770 quemque
725 2686 856 2751 nomine
877 2686 1026 2770 proprio⁹
1049 2689 1143 2770 atque
1170 2686 1325 2749 castrensi
1348 2707 1396 2750 co-

258 2786 409 2868 gnomine
432 2787 478 2869 [et
492 2786 677 2874 io]¹⁰culari
700 2782 894 2870 appellabat.
938 2786 1053 2871 Pigros
1071 2836 1078 2851 .
1097 2788 1139 2850 .¹¹
1160 2786 1211 2851 vel
1234 2787 1396 2852 corniculo

256 2886 307 2949 vel
345 2884 463 2975 [aureo]
498 2887 549 2951 vel
584 2888 702 2971 partim
737 2938 743 2950 .
770 2938 776 2951 .
812 2888 964 2971 cuiusque
994 2938 1001 2951 .
1028 2938 1034 2950 .
1061 2938 1067 2951 .
1097 2891 1183 2951 tores
1215 2887 1396 2971 triumphos

258 3010 306 3052 c.
333 3038 339 3050 .
366 3038 372 3051 .
400 3038 406 3051 .
431 2989 493 3051 is¹²
517 3039 857 3052 ...........
868 2989 906 3072 {¹³
931 3038 1105 3053 ......
1129 2989 1237 3053 disset.

341 3193 408 3243 alu
426 3196 551 3258 marpiuer
569 3189 757 3261 Panegyricus
774 3189 916 3259 Vologesi.

340 3274 358 3327 b
377 3279 411 3327 In
428 3279 552 3343 margine:
570 3274 615 3328 Au
632 3290 713 3329 omne
731 3305 764 3314 -
781 3275 897 3343 reliquo.

340 3375 355 3412 c
375 3363 409 3411 Iu
426 3364 551 3426 marytre:
569 3358 746 3426 Parthorum)
759 3359 877 3429 sagittas
898 3359 1033 3413 militibus
1054 3359 1157 3413 nostris
1183 3361 1249 3429 post
1269 3360 1395 3428 ingentia

255 3443 394 3496 Dacorum
411 3442 528 3496 falcibus
545 3442 634 3497 inlata
650 3444 765 3498 vulnera
783 3445 1032 3498 contemnentibus.

341 3653 352 3699 1
373 3645 500 3714 intellige
518 3645 637 3700 Marium
655 3648 683 3701 et
699 3646 910 3716 Vespasianum.
947 3651 1106 3702 Niebuhn'us.

338 3737 353 3785 2
372 3729 503 3798 Sequitur
520 3729 586 3785 cod.
606 3750 632 3800 p.
651 3737 708 3785 273.

339 3823 354 3871 3
371 3815 492 3884 Explicit
509 3816 653 3882 quaternio
671 3815 793 3870 XXXVI.
830 3815 960 3884 Sequitur
977 3815 1044 3871 Ood.
1062 3835 1090 3886 p.
1109 3822 1167 3871 252.

247 3949 249 3953 Α
337 3904 354 3950 4
371 3899 479 3966 Nempe
496 3887 601 3952 bellum
619 3900 774 3969 Vologesus
791 3902 923 3970 paratum
941 3901 992 3954 sub
1015 3901 1065 3956 Pio
1089 3901 1176 3956 Marci
1194 3904 1223 3956 et
1240 3902 1307 3956 Veri
1323 3904 1393 3957 tem-

254 3998 322 4050 pore
339 3982 445 4036 indixit.
483 3982 600 4052 Capitol.
618 3984 647 4037 in
664 3984 701 4038 M.
720 3990 744 4040 8.
781 3988 876 4042 Maius.

341 4071 356 4120 5
374 4066 481 4122 Desunt
499 4068 630 4134 quattuor
646 4067 766 4124 litterae.

237 4212 240 4217 ᾗ
339 4150 478 4206 6Desunt
495 4150 616 4220 quinque
633 4151 753 4208 litterae.

338 4240 352 4288 7
370 4234 478 4291 Desunt
495 4252 542 4289 sex
561 4235 679 4291 litterae.

336 4325 353 4373 8
369 4318 476 4374 Desunt
494 4323 601 4390 septem
618 4338 722 4386 versus,
741 4338 829 4388 usque
847 4321 883 4375 ad
900 4327 926 4375 iu
943 4326 1039 4377 bellum.

337 4410 352 4457 9
371 4403 521 4458 Confirmat
539 4405 573 4458 de
592 4403 712 4460 Traiano
730 4404 956 4474 PliniusPaneg.
976 4423 999 4459 c.
1021 4411 1058 4459 15.
1094 4410 1188 4459 Maius.

322 4493 353 4542 10
371 4488 414 4541 lta
431 4489 614 4558 supplendum
631 4488 749 4543 videtur.

321 4579 350 4625 11
371 4571 441 4626 Sunt
457 4572 591 4627 tredecim
608 4589 704 4627 versus
722 4589 809 4640 usque
827 4574 864 4628 ad
880 4574 1002 4643 paginae
1019 4574 1109 4628 finem.

320 4661 351 4708 1⁶2
369 4655 447 4710 Duae
464 4659 622 4724 postremae
639 4658 750 4712 litterae
768 4674 785 4711 a
803 4675 856 4713 seo.
875 4677 911 4712 m.

321 4747 351 4794 13
370 4739 501 4806 Sequitur
519 4740 585 4795 Cod.
603 4760 631 4811 p.
650 4747 698 4796 251
718 4742 844 4797 obseura.
868 4744 1056 4803 Heindorfius:
1075 4748 1169 4812 Piqros
1181 4742 1388 4810 exhortabatur,

251 4827 378 4878 strenuos
397 4832 436 4879 vel
452 4831 580 4880 corniculo
598 4832 636 4880 vet
653 4826 747 4881 balteo
765 4835 804 4881 vel
822 4827 937 4880 armillis
954 4826 1075 4896 ingentis
1096 4834 1190 4896 partim
1207 4827 1290 4896 pretii
1308 4828 1403 4899 donis.
