3300 5950
252 723 285 816 u
681 748 960 803 Paonaoousua.

249 925 353 999 locum
375 922 531 1012 tenuisse,
562 923 696 985 eundem
724 924 763 986 de
784 923 911 986 rhetore
935 923 1096 987 consulem
1119 946 1187 987 esse
1209 923 1386 1005 suffectum,

249 1024 385 1108 denique
412 1024 697 1088 M.‘Antoninum
714 1023 944 1107 Philosophum
977 1048 1013 1088 eo
1041 1026 1196 1109 magistro
1225 1028 1257 1088 et
1286 1025 1388 1087 amico

249 1113 349 1190 fuisse
378 1148 470 1189 usum
491 1125 725 1208 plurimumque
747 1125 912 1209 tribuisse,
942 1128 989 1190 ita
1010 1130 1046 1189 ut
1068 1129 1207 1189 statuam
1229 1127 1257 1189 ei
1279 1127 1314 1190 in
1342 1148 1388 1189 se·

250 1232 331 1293 natu
352 1231 486 1312 peteret.
531 1228 680 1293 Hominis
701 1229 823 1291 famam
852 1229 1001 1313 augebat,
1026 1229 1109 1312 quod
1130 1228 1166 1291 in
1189 1228 1388 1305 Commenta-

250 1331 306 1394 riis
328 1329 540 1413 Philosophus
570 1330 770 1413 praedicaret
799 1351 833 1393 se
862 1354 880 1393 a
902 1330 1064 1394 Frontone
1092 1331 1239 1393 didicisse
1261 1333 1298 1395 τὸ
1321 1332 1390 1394 ἐπι-

251 1438 356 1511 ετῆεαι
379 1431 432 1497 οἵα
453 1432 472 1510 ἡ
495 1436 664 1512 τυραννικὴ
689 1435 838 1513 βαεκανίπ
860 1435 910 1497 καὶ
932 1433 1070 1498 ποικιλία
1085 1434 1135 1496 καὶ
1157 1433 1318 1510 scarane
1341 1434 1391 1495 καὶ

252 1535 301 1599 ὅτι
317 1534 362 1599 ὡ(
378 1534 495 1599 ἐπίπαν
512 1535 542 1599 οἱ
557 1536 749 1624 καλούμενοι
772 1534 862 1599 οὗτοι
877 1536 958 1613 παρ’
973 1536 1046 1614 ἡμῖν
1069 1534 1258 1616 erramina
1281 1534 1390 1611 derep-

251 1636 380 1723 γόπεροὶ
402 1656 472 1699 πω(
495 1635 576 1702 dclv.
618 1634 722 1699 Notae
745 1656 869 1718 quoque
892 1639 985 1699 erant
1007 1636 1146 1719 quinque
1169 1634 1309 1697 eiusdem
1331 1634 1391 1696 dis-

252 1737 435 1821 putationes
459 1737 543 1819 apud
566 1736 703 1801 Gellium
726 1736 764 1799 de
786 1736 968 1816 verborum
975 1740 1145 1820 potestate.
1188 1736 1272 1812 Quin
1295 1735 1392 1798 etiam

254 1840 380 1921 praeter
407 1859 525 1921 paucos
554 1838 707 1921 quosdam
741 1837 827 1901 locos
861 1838 1020 1903 breviores
1047 1840 1132 1921 apud
1159 1836 1392 1903 Grammaticos

253 1940 385 2003 Latinos
415 1940 606 2003 laudabatur
633 1940 762 2024 insigne
784 1940 1003 2025 fragmentum
1027 1942 1112 2025 apud
1134 1940 1311 2004 Minucium
1333 1937 1391 2000 Fe-

252 2042 362 2124 licem,
386 2042 429 2106 in.
444 2064 505 2125 quo
528 2044 635 2105 orator
655 2041 854 2107 Christianos
877 2044 1079 2106 acerbissime
1095 2042 1249 2125 exagitat.
1294 2040 1393 2103 Nota-

253 2145 349 2206 batur
370 2145 536 2226 praeterea
564 2142 690 2207 dicendi
719 2166 821 2229 genus
845 2167 863 2206 a
884 2141 1038 2227 plurimis
1052 2144 1258 2207 vehementer
1279 2142 1392 2225 proba-

253 2247 338 2327 tum,
362 2244 448 2308 inter
469 2266 547 2328 quos
570 2244 626 2308 alii
648 2245 683 2308 in
697 2245 859 2310 Frontone
881 2268 1032 2329 pompam
1053 2246 1245 2326 laudabant,
1270 2244 1392 2307 Macro-

254 2346 325 2409 bius
347 2384 389 2393 -
411 2345 494 2429 quod
516 2346 641 2409 mireris
664 2385 707 2395 —-
728 2348 917 2411 siceitatem.

339 2446 428 2521 Quod
450 2447 632 2529 igiturviri
655 2447 740 2511 docti
768 2449 1029 2532 suspicabantur,
1063 2447 1292 2532 quodammodo
1322 2469 1394 2510 oon-

255 2551 417 2613 firmatum
446 2550 487 2611 iri
514 2549 598 2631 quod
624 2548 800 2613 Eumenius
828 2550 914 2615 dicat
934 2553 970 2613 in
992 2550 1191 2634 Panegyrico
1214 2549 1395 2614 Constantii

256 2651 452 2714 Frontonem
473 2650 638 2714 Romanae
662 2651 862 2735 eloquentiae
889 2675 955 2716 non
983 2652 1156 2716 secundum
1185 2673 1252 2714 esse
1275 2651 1329 2713 sed
1352 2649 1395 2712 al-

256 2756 360 2815 terum
382 2751 487 2834 decus,
512 2752 545 2815 id
567 2775 663 2836 quam
684 2751 801 2817 falsum
824 2757 917 2836 esset,
941 2757 1014 2836 post
1036 2753 1123 2817 Maii.
1138 2753 1310 2816 editionem
1331 2773 1395 2814 orn-

257 2853 351 2926 nibus
375 2852 533 2935 apparuit.
578 2852 711 2917 Praeter
731 2853 864 2937 Italum,
889 2855 943 2938 qui
965 2856 1133 2918 inventum
1154 2876 1246 2917 suum
1268 2874 1396 2915 exoscu-

257 2954 398 3038 labatur,
428 2977 521 3019 nemo
549 2955 612 3020 fuit
639 2957 716 3040 quin
745 2960 935 3041 agnosceret
960 2958 996 3021 in
1024 2957 1185 3022 Frontone
1215 2959 1397 3040 corruptam

258 3058 474 3142 eloquentiam
502 3061 534 3121 et
562 3058 805 3142 inaequalibus
838 3062 1022 3143 corruptum
1054 3059 1218 3122 iudicium.
1263 3059 1396 3122 Fronto-

258 3161 375 3224 nianae
398 3160 550 3243 epistolae
572 3162 704 3224 minime
727 3162 905 3243 comparari
926 3164 1061 3245 possunt
1084 3183 1155 3225 cum
1176 3160 1398 3224 Plinianarum

160 3254 164 3263 ²
260 3261 468 3344 praestantia.
514 3260 610 3324 Haud
633 3261 805 3325 difficulter
831 3261 1032 3326 intellectum
1054 3265 1118 3345 est,
1148 3284 1204 3325 cur
1231 3261 1274 3325 M.
1297 3264 1397 3325 Aure-

258 3362 320 3426 lius
359 3365 465 3425 cetera
504 3363 631 3445 quidem
666 3365 759 3446 grato
794 3363 901 3426 animo
929 3366 1098 3445 memoret,
1140 3385 1220 3448 quae
1242 3363 1397 3427 Frontoni

260 3463 384 3545 debeat,
410 3463 464 3526 sed
486 3465 592 3526 taceat
615 3464 652 3527 de
676 3467 744 3527 arte
767 3464 902 3528 dicendi.
947 3465 1059 3548 Itaque
1082 3487 1122 3528 ne
1145 3465 1248 3528 Maius
1271 3464 1399 3547 quidem

260 3563 437 3628 Niebuhrio
459 3564 586 3647 obloqui
610 3587 704 3628 ausus
727 3569 784 3648 est,
810 3588 882 3631 cum
903 3567 950 3629 ita
972 3566 1108 3630 diceret:
1132 3566 1206 3648 „Ita
1229 3566 1398 3630 sententiis

262 3670 294 3729 et
315 3666 409 3729 rebus
431 3666 573 3729 nondum
594 3668 679 3730 notis
702 3690 847 3750 vacuum,
871 3670 918 3731 ita
932 3668 1034 3732 levem
1050 3670 1082 3732 et
1096 3667 1296 3749 indisertum,
1321 3667 1398 3749 quin

262 3788 488 3851 saepenumero
510 3768 619 3850 putide
647 3768 837 3832 delirantem
864 3771 899 3833 in
922 3769 972 3833 his
1001 3770 1129 3853 quidem
1151 3770 1278 3852 scriptis
1301 3768 1399 3832 Fron-

261 3875 370 3934 tonem
392 3869 581 3953 invenimus,
606 3875 653 3953 ut,
678 3893 750 3934 cum
772 3893 946 3954 sanequam
967 3871 1061 3934 multi
1082 3875 1291 3936 numerentur
1314 3871 1400 3935 inter

262 3971 395 4054 Latinos
416 3993 483 4034 non
505 3972 616 4054 optimi
639 3972 820 4056 scriptores,
844 3971 897 4035 hio
920 3972 997 4036 adeo
1019 3973 1090 4036 vilis
1113 3973 1156 4036 sit
1177 3976 1213 4036 ut
1236 3995 1308 4035 oum
1323 3971 1400 4036 Silio

263 4073 376 4136 Italico
398 4073 558 4136 numerari
581 4073 709 4137 debeat:
733 4074 817 4136 inter
833 4073 971 4137 Graecos
993 4096 1068 4138 vero
1091 4075 1131 4138 ab
1146 4075 1215 4157 ipso
1230 4073 1400 4137 Polemone

265 4179 320 4239 aut
341 4174 485 4238 Himerio
506 4175 658 4238 facundia
680 4178 712 4238 et
734 4182 885 4239 sensuum
906 4177 1075 4241 nobilitate
1099 4176 1280 4240 vincatur.“

349 4275 410 4340 Sed
446 4297 543 4359 quum
580 4276 615 4338 in
648 4277 787 4341 editione
819 4278 1049 4343 Mediolanensi
1081 4279 1189 4341 omnia
1220 4276 1402 4340 incredibili

265 4378 408 4441 socordia
431 4381 463 4441 et
483 4377 613 4441 levitate
637 4379 861 4444 administrata
883 4385 1001 4462 essent,
1024 4403 1098 4445 mox
1120 4379 1222 4444 exorti
1237 4382 1313 4443 sunt
1327 4378 1401 4441 Nie-

265 4478 397 4542 buhrius
421 4502 492 4544 cum
512 4478 710 4544 Buttmanno
733 4484 766 4544 et
780 4481 975 4564 Heindorfio,
1000 4483 1054 4565 qui
1075 4483 1223 4546 fecerunt
1243 4481 1327 4564 quod
1348 4503 1402 4564 po-

265 4584 413 4663 tuerunt,
446 4585 482 4645 ut
508 4583 679 4647 Frontonis
712 4585 897 4669 fragmenta
928 4584 993 4667 legi
1027 4587 1059 4646 et
1086 4583 1226 4667 intelligi
1260 4586 1400 4666 possent.

267 4683 356 4758 Quod
387 4687 483 4768 caput
508 4685 553 4749 rei
577 4690 661 4769 erat,
691 4687 765 4771 quia
793 4686 897 4748 Maius
919 4685 1066 4768 rescripti
1089 4685 1205 4748 codicis
1232 4686 1310 4749 folia
1336 4707 1402 4749 non

202 4789 203 4792 ’
268 4785 346 4849 satis
366 4789 452 4851 recte
475 4787 638 4853 ordinarat
661 4792 693 4852 et
714 4788 816 4851 multa
843 4789 963 4850 temere
991 4787 1152 4869 turbarat,
1181 4787 1341 4871 sagaciter
1370 4789 1403 4852 et
