3300 5950
279 811 340 874 164
486 809 523 863 M.
538 808 708 864 CORNELII
724 807 932 864 NRCNTONIS
949 808 1205 863 EPISTULARUM

276 981 368 1044 valde
394 983 508 1063 potens
537 983 600 1064 est,
636 980 720 1065 quod
748 1002 870 1044 summe
898 980 1025 1045 efficere
1047 982 1165 1064 possis,
1200 981 1297 1045 etiam
1325 980 1415 1044 velle.

276 1081 367 1145 Nihil
389 1082 459 1145 istis
482 1083 627 1146 sensibus
657 1082 809 1165 validius,
833 1082 916 1146 nihil
938 1082 1131 1165 elocutione,
1162 1082 1251 1146 selva
1278 1082 1417 1145 sanitato

276 1186 376 1247 tumen
389 1184 409 1266 ¹,
435 1184 568 1248 civilius.
614 1184 726 1268 Neque
749 1184 835 1248 enim
857 1184 918 1248 hoc
941 1185 1167 1266 committam²‚
1199 1186 1236 1246 ut
1257 1188 1289 1247 te
1311 1184 1416 1247 iustis-

276 1286 356 1349 sima
378 1285 470 1348 leude
492 1286 652 1368 fraudem,
688 1286 763 1349 dum
792 1289 910 1370 metuo,
934 1309 975 1350 ne
1003 1286 1178 1350 insolenter
1199 1284 1308 1348 laudes
1330 1308 1417 1348 meas

274 1388 411 1450 leudem.
443 1386 532 1450 Bene
553 1388 654 1471 igitur
677 1388 829 1471 accepisti
853 1391 885 1452 et
907 1389 1085 1453 rectissimo
1107 1409 1212 1472 opere7
1237 1388 1287 1451 cui
1309 1388 1415 1470 plane,

275 1490 415 1575 seposita
437 1489 582 1572 materie,
607 1490 709 1552 omnis
732 1489 835 1553 honor
857 1490 1005 1554 debetur:
1030 1492 1169 1554 ceterum
1192 1491 1231 1553 ad
1253 1491 1416 1552 ostentan-

274 1590 367 1653 dum3
390 1590 469 1653 mihi
493 1590 635 1653 animum
657 1594 748 1654 tuum
766 1613 833 1655 non
855 1592 996 1657 multum
1016 1592 1098 1675 egit:
1120 1614 1197 1654 nam
1220 1613 1288 1654 esse
1310 1594 1342 1654 te
1364 1592 1416 1653 be·

273 1692 500 1776 nignissimum
522 1692 665 1755 omnium
686 1693 847 1757 factorum
869 1697 901 1757 et
923 1694 1081 1757 dictorum
1102 1715 1245 1757 meorum
1268 1692 1416 1756 concilia-

274 1796 376 1857 torem
397 1794 479 1856 bene
501 1816 662 1858 noveram.
707 1794 789 1858 Vale
811 1794 856 1857 mi
878 1794 1015 1877 Fronto,
1041 1795 1202 1858 carissime
1224 1794 1313 1857 mihi.

357 1896 418 1960 Illa
444 1917 519 1979 pars
547 1896 701 1959 orationis
729 1899 804 1959 tuae
834 1897 919 1960 circa
946 1895 1119 1986 Faustinae
1146 1918 1235 1959 meae
1263 1896 1415 1960 honorem

273 1998 455 2083 gratissime
478 2020 497 2059 a
518 2000 551 2060 te
574 1998 720 2061 adsumta
749 1998 853 2062 verior
875 1998 955 2061 mihi
977 2020 1074 2085 quarn
1094 1999 1242 2062 disertior
1265 1998 1332 2061 vise
1355 2001 1413 2060 est.

272 2100 357 2164 Nam
383 2102 430 2162 itu
458 2121 491 2161 se
519 2121 569 2162 res
598 2099 713 2164 hebet:
749 2100 879 2163 mallem
907 2099 1089 2163 mehercule
1118 2099 1233 2183 Gyaris
1260 2122 1331 2162 cum
1359 2098 1415 2161 ille

272 2224 369 2284 quum
391 2202 460 2263 sine
482 2200 557 2263 illa⁴
580 2201 614 2263 in
637 2200 763 2264 Palatio
786 2202 924 2265 viverc¹¹.

502 2455 576 2520 111.
620 2452 801 2521 Antonino
829 2455 896 2520 Pio
919 2452 1010 2536 Aug.
1033 2455 1181 2519 Fronto.

357 2591 391 2655 Si
420 2591 546 2655 evenire
573 2594 696 2674 posset,
727 2590 820 2674 lmp.,
856 2594 893 2653 nt
921 2590 1016 2654 amici
1044 2612 1081 2654 ac
1109 2590 1284 2653 familiares
1312 2591 1414 2653 nostri

272 2693 390 2757 nostris
426 2692 566 2755 moribus
601 2694 717 2755 cuncta
757 2693 923 2775 egerente
958 2692 1095 2754 maxime
1137 2690 1267 2755 vellem:
1314 2695 1412 2773 tum⁶‚

272 2795 299 2857 si
332 2816 397 2857 non
430 2794 571 2857 moribus
578 2843 586 2874 ,
618 2797 652 2856 at
684 2792 799 2856 saltem
832 2797 868 2856 ut
897 2793 1038 2857 consiliis
1061 2794 1178 2876 ubique
1201 2792 1319 2855 nostris
1347 2796 1414 2855 ute-

272 2895 415 2959 renturl.

358 2997 419 3061 seu
442 2997 592 3081 quoniam
616 2999 726 3061 suum⁷
743 2997 895 3080 cuiusque
911 2997 1080 3081 ingenium
1101 2997 1201 3061 vitam
1223 2997 1411 3080 gubernet⁰‚

271 3101 375 3163 fateor
398 3120 493 3182 aegre
515 3100 599 3162 ferre
625 3121 690 3182 me,
715 3099 799 3182 quod
821 3099 943 3162 amicus
965 3098 1090 3182 meust8
1119 3096 1221 3182 Niger
1243 3097 1413 3162 Censorius

270 3204 465 3265 testamento
483 3222 554 3282 suo,
579 3223 641 3284 quo
663 3222 713 3263 me
736 3199 887 3262 heredem
908 3201 1062 3282 instituit,
1086 3221 1199 3283 parum
1214 3200 1320 3263 verbis
1334 3202 1413 3263 tem-

272 3304 402 3386 pererit.

357 3405 393 3466 Id
416 3425 476 3486 ego
497 3404 620 3467 fectum
643 3405 710 3466 eius
737 3403 901 3486 improbus
923 3404 984 3467 sim
1006 3404 1032 3466 si
1052 3403 1252 3466 defendendo
1274 3425 1413 3486 purgare

357 3659 374 3695 a
392 3646 425 3694 In
442 3646 567 3709 margine:
590 3638 702 3694 Mollem
720 3669 754 3678 -
771 3640 872 3694 vivere.

355 3727 373 3778 h
393 3730 425 3777 In
443 3730 569 3791 energiae:
588 3723 618 3776 Si
636 3725 746 3778 evenire
758 3727 855 3794 posset
867 3727 900 3778 ut
911 3741 965 3778 um.
979 3755 1012 3762 -
1024 3723 1148 3792 agerent,
1161 3721 1281 3776 maximo
1298 3723 1411 3776 vollem:

271 3812 331 3863 tum
348 3809 371 3862 si
388 3839 422 3850 -
439 3810 593 3863 uterentur.

356 3911 371 3946 c
389 3897 421 3946 In
433 3898 558 3961 margine:
572 3891 627 3945 Sed
639 3893 771 3962 quonism
783 3911 862 3948 suam
875 3893 1006 3961 cuiusque
1017 3891 1160 3960 ingenium
1167 3892 1255 3946 vitem
1264 3891 1410 3958 gubernet.

356 4107 369 4150 1
389 4097 454 4152 Cod.
475 4097 524 4150 ΤΑ
543 4140 548 4150 .
570 4140 574 4149 .
597 4139 616 4163 .,
635 4096 710 4164 quod
732 4096 858 4166 supplevi
878 4107 968 4151 tamen.
1003 4096 1092 4151 Maius
1116 4112 1214 4150 vocem
1237 4095 1338 4150 omisit.

356 4182 456 4235 2Cod.
476 4187 593 4235 oinittam.
629 4181 755 4236 Correxit
771 4180 869 4236 Maius.

357 4274 372 4319 3
392 4266 498 4320 Codex:
522 4273 706 4322 ostentandam.

355 4351 420 4403 4111
443 4350 543 4404 Codice
565 4349 675 4404 videtur
697 4365 756 4402 esse
778 4355 838 4403 ulla.
874 4348 1006 4404 Faustino
1028 4346 1118 4401 tribus
1140 4346 1219 4400 annis
1245 4350 1311 4402 ante
1338 4349 1413 4402 diem

271 4433 371 4487 obiisse
390 4434 507 4489 videtur.

355 4524 371 4571 5
388 4519 494 4573 Mavult
511 4519 699 4573 Heindorfius:
717 4518 747 4571 id
764 4524 883 4573 maxime.

355 4608 371 4655 6
389 4602 455 4657 Cod.
473 4621 500 4672 p.
519 4623 557 4656 m.
576 4616 649 4658 tuum.

355 4687 463 4741 'lNoto
479 4689 509 4740 in
531 4687 658 4756 margine
675 4707 754 4740 suam.

354 4770 488 4839 8lncipit
511 4770 576 4824 Cod.
600 4789 627 4839 p.
647 4776 705 4824 356.
747 4768 848 4823 Consul
873 4770 960 4839 Niger
987 4770 1107 4825 occurrit
1128 4771 1207 4824 annis
1224 4776 1274 4824 870
1298 4773 1327 4823 et
1354 4776 1411 4836 891,

269 4855 359 4924 primo
377 4854 507 4909 videlicet
525 4856 553 4908 et
570 4854 667 4907 ultimo
685 4853 821 4908 Hadriani
838 4852 1002 4923 imperantis
1019 4872 1100 4910 anno.
1137 4859 1234 4909 Maius.
