3300 5950
445 753 494 816 ΑῘ)
512 753 548 817 Μ.
559 751 754 817 'CAESAREM
771 752 818 817 ΕΤ
837 752 989 818 IN'Vlo'EM'
1006 754 1116 817 LIBER
1133 752 1185 816 llll
1356 755 1398 830 64⁸)

250 937 361 996 menta
393 934 499 997 lavere
535 935 642 1017 potius
676 956 771 1017 quam
803 933 934 997 lavare?
970 934 1117 997 sudorem
1150 935 1257 998 lavare
1290 935 1396 1019 potius

252 1056 347 1117 quam
370 1036 498 1099 abluere
522 1034 651 1099 dicere?
687 1035 760 1098 Tibi
782 1056 857 1098 vero
885 1056 979 1098 nemo
1008 1036 1043 1099 in
1071 1058 1109 1099 ea
1136 1058 1170 1099 re
1197 1037 1396 1124 intercedere

252 1140 308 1199 aut
329 1136 532 1200 modificare¹
554 1138 624 1200 iure
646 1137 711 1200 ullo
726 1136 856 1220 poterit,
881 1137 935 1220 qui
953 1137 996 1199 sis
1018 1137 1147 1201 liberis²
1165 1138 1188 1223 13
1204 1141 1394 1222 prognatus,

252 1241 285 1301 et
307 1238 449 1321 equitum
478 1260 608 1301 censum
635 1238 898 1321 praetervehare,
934 1241 967 1300 et
994 1239 1029 1301 in
1058 1242 1173 1302 senatu
1200 1240 1396 1303 sententiam

251 1360 379 1423 rogere:
407 1362 466 1419 nos
494 1361 569 1403 vcro
597 1340 652 1423 qui
680 1340 846 1404 doctorum
870 1339 999 1403 auribus
1034 1340 1182 1403 servituti
1210 1332 1396 1403 serviendae

251 1445 377 1509 nosmet
406 1441 549 1505 dedimus
557 1445 579 1525 ⁴,
603 1463 733 1505 necesse
764 1446 813 1505 est
842 1442 973 1505 tenuia⁵
995 1462 1119 1525 quoque
1134 1441 1199 1504 ista
1221 1443 1255 1504 et
1269 1443 1396 1505 minuta

252 1564 376 1605 summa
410 1565 482 1606 cum
505 1565 582 1606 cura
614 1565 853 1628 persequamur.
897 1542 1007 1606 Verba
1028 1564 1141 1626 prosus
1169 1542 1222 1605 alii
1246 1546 1336 1607 vecte
1365 1547 1411 1607 et>

251 1644 376 1727 malleo,
407 1648 443 1707 ut
465 1644 580 1728 silices,
609 1646 802 1728 moliuntur,
833 1644 888 1707 alii
917 1635 1026 1708 autem
1047 1643 1155 1707 caelo⁶
1182 1647 1215 1707 et
1242 1645 1394 1728 marculo,

252 1749 289 1808 ut
316 1746 509 1830 gemmulas,
545 1747 776 1831 exculpunt⁷⁸t
810 1749 843 1809 te
877 1746 1008 1829 aequius
1036 1746 1098 1810 erit
1127 1746 1167 1809 ad
1182 1747 1396 1829 ,quaerenda8

252 1847 412 1911 sollertius
440 1848 547 1932 verba,
584 1849 668 1933 quod
697 1851 857 1913 correctus
885 1847 929 1911 sis
956 1848 1150 1931 meminisse,
1185 1870 1281 1931 quam
1313 1849 1396 1932 quod

253 1949 520 2033 depraehensusl,
551 1950 730 2015 detractare
754 1952 811 2013 aut
836 1949 1002 2013 retardari.
1047 1948 1132 2012 Nam
1159 1949 1186 2012 si
1215 1949 1396 2032 quaerendo

253 2051 429 2134 desistes¹⁰,
453 2074 628 2135 numquam
650 2048 805 2135 reperies:
834 2052 861 2113 si
889 2072 1005 2134 perges
1032 2072 1198 2134 quaerere,
1222 2052 1394 2135 repperies.

252 2151 399 2235 Denique
421 2153 507 2216 visus
530 2175 563 2216 es
586 2154 684 2216 etiam
706 2152 786 2215 mihi
807 2152 940 2235 insuper
960 2151 1126 2235 habuisse,
1152 2174 1224 2215 cum
1250 2153 1395 2215 ordinem
1472 2141 1480 2148 ’

252 2253 373 2316 verbi¹'
396 2254 443 2317 tui
467 2253 696 2337 immutassem,
721 2255 769 2317 uti
792 2256 867 2317 ante
889 2252 1065 2336 tricipitem
1080 2253 1201 2317 diceres
1224 2276 1319 2337 quam
1335 2253 1395 2317 Ge-

253 2339 602 2438 ryonamnominares.
648 2356 685 2419 ld
708 2377 832 2440 quoque
855 2377 896 2417 ne
918 2354 1064 2438 ignores:
1095 2354 1247 2439 pleraque
1269 2356 1304 2418 in
1327 2377 1394 2418 ora-

252 2456 350 2539 tione,
375 2458 486 2521 ordine
507 2458 684 2540 inmutato,
716 2457 766 2521 vel
794 2458 866 2551 rata
895 2455 992 2519 verba
1019 2456 1103 2519 fiunt
1128 2456 1180 2519 vel
1208 2478 1394 2539 supervaca-
1449 2498 1457 2505 κ

252 2579 314 2621 nea
322 2558 343 2621 l.
377 2558 502 2623 Navem
523 2559 687 2624 triremem
709 2559 770 2622 rite
793 2557 943 2640 dixerim,
964 2558 1127 2622 triremem
1149 2578 1265 2621 navem
1287 2579 1394 2640 super-

252 2681 392 2723 vacaneo
415 2660 600 2724 addiderim.
623 2659 734 2745 Neque
758 2660 845 2724 eni'm
866 2659 1043 2743 periculum
1066 2662 1125 2742 est,
1149 2680 1190 2723 ne
1213 2660 1284 2742 quis
1306 2658 1394 2723 lecti-

254 2761 358 2824 culam
387 2764 443 2825 aut
475 2762 586 2825 rodam
608 2765 664 2826 aut
699 2762 891 2826 citharam¹²
924 2761 1088 2824 triremem
1116 2759 1178 2823 dici
1197 2760 1393 2825 arbitretur.

252 2861 334 2924 Tum
355 2863 555 2946 praeterea¹³
577 2875 672 2947 quom
696 2884 970 2945 commemorares,
1001 2884 1057 2925 cur
1071 2860 1218 2925 Parthi¹⁴
1238 2861 1394 2926 manuleis

251 2962 426 3028 laxioribus
456 2967 634 3049 uterentur,
662 2966 718 3049 ita,
749 2968 878 3050 opinor,
913 2962 1080 3048 scripsisti,
1117 2969 1286 3028 intervallis
1308 2972 1396 3029 vestis

339 3184 356 3221 a
374 3171 406 3220 In
424 3133 550 3237 morpine:
568 3168 623 3222 Alii
640 3167 727 3222 verba
744 3168 807 3222 vete
827 3169 884 3235 (sie)
906 3166 951 3220 vel
968 3166 1069 3219 malleo
1092 3167 1121 3218 et
1131 3165 1213 3232 ,silice
1230 3167 1394 3234 moliuntur;

252 3249 299 3303 alii
317 3251 412 3306 caeolo
431 3254 487 3320 (sic)
507 3254 536 3306 et
552 3253 684 3319 marculo,
703 3253 734 3305 ut
752 3251 803 3332 qui
818 3267 944 3319 gemmas
963 3251 1118 3319 exculpunt.

336 3335 407 3388 bIn
424 3342 552 3405 margine:
571 3337 603 3390 In
621 3336 687 3391 alio:
706 3352 885 3404 supervacua.
971 3406 973 3410 Δ

339 3565 350 3608 1
369 3555 510 3610 Usitatum
528 3558 572 3610 est
588 3563 738 3625 modificari.
775 3560 890 3612 Orelliur.

336 3647 351 3692 2
370 3641 401 3693 In
420 3640 486 3695 Cod.
506 3641 653 3710 repetitur:
672 3647 767 3698 liberis.
804 3640 1288 3710 0161111111Ιίῠενῐίὁενίερνορηᾳιιιε.

336 3725 469 3794 dinoipit
487 3724 553 3780 Cod.
572 3725 635 3781 Vat.
655 3744 682 3795 p.
697 3733 753 3780 151.
784 3725 787 3731 ’

336 3815 353 3860 4
371 3808 502 3862 Orellius:
521 3816 670 3868 dedidimus.

337 3894 448 3947 oHanc
465 3909 562 3947 vocem
579 3894 668 3948 Maius
684 3894 713 3947 in
731 3895 858 3963 margine
875 3894 944 3948 vidit
962 3893 1111 3962 repetitam
1128 3895 1159 3947 ut
1176 3896 1337 3951 notabilem.

337 3986 352 4031 6
369 3979 401 4030 ln
419 3977 552 4046 marginis
569 3995 627 4032 var.
646 3979 708 4032 lect.
728 3978 816 4033 latere
833 3979 942 4033 videtur
959 3979 1051 4033 forma
1067 3985 1173 4040 caelolo.

337 4061 436 4134 711011.
455 4080 496 4131 pr.
516 4080 552 4116 m.
572 4069 717 4132 exculperet.
1066 4055 1069 4060 ’

336 4153 352 4200 8
371 4146 437 4201 Cod.
455 4165 497 4216 pr.
516 4164 552 4200 m.
572 4154 713 4216 querenda.

337 4238 352 4285 9
371 4231 489 4285 Orellius
506 4231 623 4286 mavult:
643 4238 821 4300 reprehensus.

320 4323 351 4370 10
370 4316 436 4371 (lod.
455 4335 497 4387 pr.
516 4335 552 4371 m.
571 4323 705 4372 desistens.

320 4459 349 4504 ll
370 4450 473 4521 Codex:
491 4402 586 4508 1111111.

275 4548 278 4554 ’
320 4544 351 4589 12
370 4535 474 4591 Codex:
493 4543 625 4594 obituram.

320 4629 352 4674 13
370 4620 474 4675 Codex:
491 4634 638 4690 praetereo.

321 4712 352 4758 14
370 4703 454 4758 Vides
471 4723 626 4760 sermonem
644 4723 702 4761 esse
716 4704 1223 4760 (1111119111111101111111111
1236 4708 1295 4761 sine
1308 4707 1392 4764 dubio

252 4784 378 4855 recitata,
396 4789 424 4842 in
443 4807 498 4858 qua
516 4791 550 4843 de
567 4791 650 4844 rebus
667 4791 804 4845 Parthicis
822 4793 915 4846 actum
934 4791 983 4845 est.
1021 4795 1114 4845 Maius.

287 4910 387 4944 FRONT.
400 4910 435 4944 ET
447 4911 548 4946 AUREL.
562 4910 651 4945 Error.
1169 4879 1190 4942 5
