3300 5950
274 820 315 883 84
484 817 519 872 M.
535 813 705 873 CORNELII
721 817 928 873 FRONTONIS
947 819 1203 875 EPISTULARUM

1086 919 1108 949 0

272 990 378 1072 ipsus¹
406 988 436 1051 vi
458 990 493 1052 in
516 1011 675 1053 carcerem
699 990 869 1074 compegit.
915 990 965 1054 Ob
993 1012 1064 1054 eam
1086 1012 1155 1054 rem
1182 1013 1202 1053 a
1231 992 1415 1054 censoribus

273 1093 413 1153 notatur.
458 1090 572 1153 Divide
604 1092 743 1174 primum
771 1113 910 1174 causam,
947 1091 1015 1157 εἶτα
1037 1093 1080 1157 εἰ(
1108 1093 1242 1172 ἑκάτερα
1267 1095 1306 1157 τὰ
1337 1095 1414 1173 μέρη

273 1192 472 1271 ἐπιχείρηεον
494 1194 544 1256 καὶ
567 1197 755 1271 κατηγορῶν
778 1195 827 1257 καὶ
849 1193 1124 1273 ἀπολογούμενος.
1148 1194 1239 1277 Vale,
1264 1194 1413 1275 Domine,

273 1292 327 1355 lux
348 1293 492 1355 omnium
513 1296 650 1358 tuorum.
696 1293 834 1357 Matrem
855 1294 1027 1357 Dominam
1049 1297 1163 1359 saluta.

568 1462 747 1529 XXVIII.
770 1463 828 1529 43.
862 1463 1034 1546 Magistro
1056 1463 1143 1530 lieo·

299 1588 305 1595 ⁴
359 1598 435 1663 Dies
457 1599 536 1663 mihi
558 1602 643 1662 totus
666 1622 784 1663 vacuus
807 1600 877 1663 erit.
901 1598 1019 1683 'Siquid
1040 1622 1192 1683 umquam
1214 1622 1265 1664 me
1288 1603 1413 1683 amasti,
1507 1616 1514 1626 ⁸
1565 1673 1570 1695 .

274 1702 367 1765 hodie
390 1724 462 1764 ama
490 1702 541 1763 et²
568 1701 698 1764 uberem
725 1700 769 1763 mi
798 1700 966 1764 materiam
988 1702 1091 1783 mitte,
1115 1723 1170 1764 oro
1200 1706 1233 1765 et
1260 1724 1339 1786 rogo
1366 1706 1415 1766 καὶ

274 1806 433 1884 ἀντιβολῶ
456 1806 506 1867 καὶ
527 1804 638 1881 δέομαι
661 1804 710 1866 καὶ
731 1803 871 1867 ἱκετεύω.
914 1801 953 1864 In
981 1801 1037 1864 illa
1065 1802 1152 1865 enim
1175 1804 1415 1867 centumviralei

274 1927 340 1969 non
367 1905 478 1969 inveni
510 1907 638 1987 praeter
669 1904 912 1984 ἐπιφωνήματα.
957 1902 1038 1966 Vale
1060 1904 1180 1986 optime
1206 1904 1371 1988 magister.
1391 1905 1415 1990 li

274 2007 413 2069 Domina
434 2027 505 2069 mea
526 2009 559 2068 te
581 2005 709 2068 salutat.
732 2003 889 2069 Volebam
910 2004 1040 2088 aliquid,
1064 2004 1119 2068 ubi
1135 2005 1266 2069 clamari
1289 2005 1413 2087 debeat,

274 2109 422 2171 scribere.
467 2106 551 2170 Faue
573 2106 618 2169 mi
640 2110 672 2169 et
694 2126 809 2189 quaere
833 2106 1004 2169 clamosam
1026 2106 1184 2172 ὑπόθεειν.

520 2272 521 2276 ’
584 2273 726 2341 XXIX.
750 2274 807 2340 44.
840 2275 992 2341 Domino
1013 2276 1100 2341 Meo.

268 2411 279 2430 ¹
358 2409 703 2494 Perendia'Domine,¹
720 2414 753 2474 te
775 2411 904 2475 videbo:
927 2421 997 2475 sum
1020 2412 1111 2474 'enim
1134 2410 1237 2474 adhuc
1266 2434 1286 2475 a
1309 2412 1415 2475 cubito

275 2517 307 2578 et
328 2514 451 2577 'cervice
473 2512 628 2575 infirmus
662 2511 724 2575 Fer
745 2512 824 2595 mel,
855 2513 996 2595 obsecro,
1024 2512 1126 2575 nimia
1153 2513 1308 2576 etardus
1336 2536 1355 2577 a
1383 2517 1416 2576 te

274 2615 501 2697 postulantem.
530 2613 581 2676 Ita
595 2614 630 2675 in
646 2613 788 2677 animum
810 2636 916 2676 meum
937 2613 1050 2677 induxi
1064 2634 1156 2696 posse
1173 2613 1300 2678 efficere
1316 2636 1415 2698 quan-

274 2720 344 2793 tum
367 2714 578 2779 contenderis.
622 2713 691 2777 Nec
713 2714 885 2797 depraecor
906 2715 985 2799 quin
1006 2737 1057 2778 me
1079 2715 1192 2799 oderis,
1216 2716 1298 2779 nisei
1316 2738 1415 2799 quan-

275 2821 345 2881 tum
366 2817 493 2901 postulo
514 2816 696 2899 perfeceris
726 2816 763 2899 si,
788 2820 829 2880 ut
850 2816 942 2899 facis,
967 2818 1109 2880 animum
1137 2820 1171 2880 et
1197 2818 1338 2880 studium
1365 2839 1417 2900 ac7

209 2963 213 2989 .
247 2908 533 2984 commodaveris.
578 2917 669 3002 Vale,
693 2917 840 3002 Domine,
870 2918 978 2983 anima
999 2940 1071 2983 mea
1092 2917 1172 2982 mihi
1193 2918 1307 3002 potior.
1352 2918 1414 2982 Do-

274 3023 396 3084 minam
417 3024 552 3084 matrem
574 3020 688 3084 saluta.

596 3189 718 3256 XXX.
741 3190 798 3256 45.
832 3189 983 3256 Domino
1004 3183 1093 3256 Meo.

359 3327 492 3390 Annum
518 3346 636 3389 novum
668 3327 810 3390 faustum
843 3326 904 3390 tibi
938 3329 970 3390 et
997 3326 1183 3409 adomnia,
1222 3348 1302 3410 quae
1329 3330 1415 3391 recte

276 3429 376 3513 cupis,
399 3449 586 3512 prosperum
614 3449 686 3491 cum
713 3428 773 3491 tibi
795 3431 865 3492 tum
886 3427 1025 3492 Domino
1046 3431 1157 3492 nostro
1185 3429 1271 3511 patri
1299 3432 1355 3491 tuo
1384 3433 1416 3491 et

274 3530 371 3593 matri
393 3532 425 3592 et
447 3529 537 3592 uxori
560 3532 592 3593 et
613 3528 718 3593 filiae⁵
745 3529 922 3614 ceterisque
950 3529 1109 3612 omnibus,
1133 3550 1211 3612 quos
1233 3530 1348 3592 merito
1371 3530 1415 3591 di-

274 3632 359 3715 ligis,
383 3652 525 3714 praecor.
565 3630 667 3694 Metui
695 3653 755 3715 ego
781 3631 922 3695 invalido
955 3630 1058 3694 adhuc
1086 3651 1216 3713 corpore
1242 3629 1356 3693 turbae
1384 3633 1416 3692 et

274 3731 508 3815 inpraessioni6
529 3753 579 3794 me
603 3734 811 3797 committere.
857 3732 891 3797 si
913 3733 964 3796 dei
985 3731 1153 3826 inrepunt,
1183 3731 1344 3814 perendie·
1360 3753 1415 3794 vos

275 3837 349 3898 vota
371 3835 589 3916 nuncupantis
617 3835 739 3899 videbo.
783 3834 865 3900 Vale
892 3834 936 3896 mi
958 3833 1095 3897 Domine
1118 3831 1308 3896 dulcissime.
1352 3832 1416 3895 Do-

275 3935 397 3998 minam
420 3935 532 3998 saluta.

258 4183 263 4192 -
361 4155 439 4208 rsic
456 4155 552 4209 Maius.
594 4155 697 4209 Codex:
716 4105 825 4210 IPSIUS.
861 4154 990 4210 Fortasse
1011 4154 1094 4209 latet:
1121 4161 1177 4223 ipse
1195 4160 1267 4208 iussit
1284 4161 1310 4208 in
1328 4177 1417 4210 earce-

277 4262 329 4295 rem
347 4260 479 4308 compznpr.

567 4321 581 4348 a

271 4347 273 4351 ’
361 4366 376 4412 2
396 4358 500 4412 Codex:
519 4370 598 4419 amen·
615 4361 675 4412 tum
694 4371 719 4414 et
735 4360 852 4414 fortasse
870 4362 1044 4430 expunctum.

361 4451 377 4498 3
394 4442 495 4511 incipit
513 4441 578 4497 Cod.
598 4442 687 4497 Vatic.
706 4462 733 4514 p.
749 4450 788 4498 79.

359 4533 375 4579 4
394 4528 438 4580 Ita
455 4527 622 4595 Schopenus.
657 4526 747 4582 Maius
764 4546 819 4582 uno
838 4529 985 4584 vocabulo:
1005 4533 1103 4582 Ferme.

360 4612 504 4679 erigone
530 4612 600 4665 haec
623 4609 742 4680 epistula
764 4612 868 4682 scripta
889 4613 999 4667 videtur
1022 4630 1054 4667 eo
1081 4619 1221 4683 tempore,
1249 4631 1303 4682 quo
1326 4614 1417 4668 adhuc

266 4696 357 4770 'unica
374 4696 479 4749 Lucilla
497 4698 570 4762 erat,
596 4696 682 4751 Marci
699 4696 817 4750 filiarum
840 4698 907 4750 natu
930 4697 1068 4751 maxima?
1097 4703 1191 4753 Maius.
1231 4697 1294 4750 Dixi
1313 4698 1347 4751 de
1364 4699 1417 4751 hac

275 4799 304 4836 re
322 4780 351 4833 in
368 4780 579 4849 prolegomenis.

360 4864 436 4918 orta
454 4863 553 4918 Codex.
