3300 5950
617 784 666 837 ro
684 783 1021 839 Auroumunnun
1331 791 1389 854 171

246 957 332 1020 inter
354 956 432 1019 duos
455 956 555 1019 bonos
570 956 654 1019 viros
669 953 819 1018 nonnihil
834 958 944 1019 tamen
967 956 1100 1021 distare:
1124 958 1207 1040 quod
1221 962 1391 1041 propterea

246 1057 374 1121 facilius
391 1058 473 1140 dico,
497 1058 648 1141 quoniam
663 1056 765 1139 illum,
790 1056 842 1121 oui
860 1057 996 1121 amicum
1007 1080 1113 1122 meum
1129 1062 1300 1144 antepono,
1324 1082 1390 1124 non

247 1160 421 1223 nominavi.
547 1236 549 1239 Α
1005 1230 1007 1234 ,

332 1261 497 1325 Postremo
520 1260 635 1343 dicam,
660 1261 817 1345 quomodo
840 1260 1030 1344 simplicitas
1052 1284 1123 1326 mea
1147 1266 1179 1326 et
1200 1263 1318 1327 veritas
1340 1286 1391 1327 me

248 1364 352 1427 dicere
375 1362 564 1426 hortantur¹
587 1365 619 1427 et
641 1363 758 1427 fiducia
781 1364 899 1427 amoris
922 1384 999 1447 erga
1021 1366 1054 1427 te
1076 1366 1149 1446 mei,
1173 1365 1318 1447 profecto
1341 1387 1391 1428 ae-

136 1549 139 1556 .
247 1466 339 1547 quius
364 1486 431 1528 esse
453 1464 545 1527 illum
567 1486 691 1548 quoque
712 1468 846 1548 propter
867 1486 918 1527 me
940 1464 1123 1547 impetrare.

332 1566 493 1630 Memento
522 1566 636 1649 etiam,
670 1566 808 1631 Domine
836 1566 931 1649 Imp,
966 1589 1038 1630 cum
1065 1566 1119 1629 ille
1147 1589 1218 1630 mco
1247 1567 1391 1650 exemplo

247 1671 351 1751 petet,
380 1690 430 1730 mc
453 1667 584 1731 biennio
606 1667 667 1732 hoo
689 1668 817 1751 petisse.
863 1667 971 1752 Igitur
992 1667 1040 1731 illi
1063 1690 1198 1752 quoque,
1223 1668 1250 1731 si
1272 1668 1391 1732 videbi-

248 1773 311 1852 tur,
335 1772 408 1853 post
430 1769 597 1833 biennium
618 1762 703 1833 date.

332 1869 458 1934 Fecerit
480 1871 624 1955 exemplo
646 1874 772 1954 nostre,
801 1873 830 1935 si
857 1870 925 1955 ipse
953 1893 1076 1955 quoque
1104 1893 1138 1934 se
1159 1870 1219 1934 tibi
1241 1871 1390 1954 impetra-

249 1971 330 2034 verit
356 1972 536 2035 excusare2.

338 2198 349 2244 l
371 2190 475 2244 Codex:
495 2197 614 2245 hortatur
632 2192 660 2245 et
677 2192 795 2245 fumasse
812 2194 939 2246 lorldtur.

334 2284 348 2329 2
368 2276 526 2344 Sequuntur
539 2283 595 2329 tres
606 2280 764 2345 postremae
778 2276 922 2345 epistolae,
941 2295 1010 2345 quas
1023 2276 1142 2331 vidimus
1153 2277 1181 2330 in
1191 2277 1292 2331 lndioe.
1315 2277 1392 2341 Quae

250 2381 311 2415 cum
331 2360 416 2415 etiam
433 2360 563 2429 legantur
580 2360 609 2412 in
626 2361 698 2415 libro
716 2360 837 2414 seoimdo
856 2361 892 2414 ad
910 2360 1029 2427 AmiooS,
1046 2361 1111 2415 illuc
1129 2378 1191 2414 oum
1208 2361 1282 2415 Maio
1302 2361 1392 2426 retuli,

250 2446 315 2515 quia
337 2462 392 2498 non
415 2445 497 2498 datae
524 2446 587 2498 suut
610 2446 646 2499 ad
668 2445 839 2499 Antoninum
861 2445 949 2498 Pium.
985 2445 1028 2498 Ibi
1045 2445 1131 2514 igitur
1149 2445 1284 2514 adscripsi
1301 2446 1393 2499 varias

249 2530 394 2595 lectiones,
423 2547 492 2598 quas
514 2529 637 2583 invenire
658 2529 752 2599 potuit
774 2546 852 2590 meus
875 2530 993 2596 amicus,
1020 2548 1085 2585 nam
1107 2532 1250 2600 postrema
1274 2530 1393 2599 epistola

249 2632 361 2685 prorsus
384 2613 491 2668 interiit
513 2615 542 2668 et
558 2614 681 2668 maxima
697 2632 763 2683 pars
779 2613 951 2683 penultimae
970 2614 1112 2683 epistolae.
1148 2616 1180 2668 In
1202 2616 1327 2669 extrema
1344 2632 1393 2683 pa·

251 2700 318 2769 gina
337 2706 393 2765 340,
412 2716 496 2767 quam
514 2700 597 2752 modo
616 2699 757 2768 descripsi,
775 2699 907 2767 leguntur
924 2698 1016 2768 prima
1035 2699 1120 2753 verba
1138 2700 1273 2770 epistolae
1285 2705 1391 2767 Lepcim,

233 2797 238 2804 ·
247 2791 299 2852 fili:
318 2784 469 2851 sequuntur
486 2784 607 2852 paginae
625 2790 675 2838 339
693 2785 722 2837 et
734 2790 791 2850 338,
810 2801 882 2851 quae
900 2799 1014 2853 prorsus
1033 2800 1178 2850 evanuere,
1194 2785 1393 2853 praeterquam

251 2870 325 2936 quod
343 2868 371 2922 in
390 2869 479 2922 altera
497 2868 625 2922 columna
641 2887 668 2937 p.
688 2875 737 2923 338
754 2867 844 2922 Maius
863 2868 933 2922 vidit
950 2868 1049 2922 verba:
1078 2874 1145 2937 Lepi
1165 2874 1309 2922 Emendavi.
1326 2882 1329 2886 ·
1347 2868 1393 2921 Se·

251 2953 344 3021 quitur
362 2972 389 3022 p.
409 2956 471 3019 337,
494 2968 565 3018 quae
584 2952 708 3007 continet
724 2951 915 3021 Epistularum
937 2952 973 3007 ad
991 2951 1101 3006 Amicos
1118 2952 1196 3006 Libri
1217 2952 1301 3022 primi
1319 2951 1392 3006 ludi-

252 3055 324 3103 cenr,
352 3036 442 3105 capite
466 3037 637 3089 truncatum:
668 3053 768 3105 nempe
792 3037 925 3090 excidisse
943 3036 1072 3090 videntur
1088 3036 1170 3091 initia
1186 3037 1271 3090 trium
1293 3038 1393 3106 episto·
1439 3048 1442 3054 ·
1475 3105 1477 3113 y

251 3123 348 3184 larum.
384 3121 472 3174 Maius
489 3121 518 3173 in
537 3118 696 3174 ordinandis
717 3119 790 3174 foliis
808 3121 919 3175 erravit.
