3300 5950
294 791 353 854 138
441 789 476 842 M.
492 787 661 842 CORNELII
679 787 887 841 FRONTONIS
905 787 1017 842 EPIST.
1037 788 1086 841 AD
1105 788 1232 841 VERUM
1249 789 1282 841 Π.

376 958 458 1034 Quid
472 957 596 1042 igitur?
618 957 694 1042 quid
708 957 864 1042 iuquam?
887 964 954 1022 Nisi
963 958 968 997 ¹
986 957 1263 1042 Asclepiodotum,
1282 947 1353 1023 cum
1369 983 1388 1023 a
1402 963 1435 1024 te

291 1062 453 1146 probetur,
477 1058 556 1124 mihi
579 1082 702 1144 quoque
724 1059 793 1123 fieri
817 1059 1061 1124 amicissimum:
1098 1064 1166 1123 tam
1188 1060 1316 1124 hercule
1340 1083 1435 1144 quam

292 1166 339 1227 est
361 1163 505 1227 Herodes
528 1184 669 1226 summus
691 1183 778 1224 nunc
800 1183 905 1245 meus,
930 1184 1122 1246 quamquam
1144 1166 1231 1226 extet
1253 1163 1365 1225 oratio.

375 1265 454 1349 Egit
487 1266 654 1347 praeterea
686 1285 812 1327 mecum
846 1264 947 1327 frater
973 1267 1048 1327 tuus
1075 1264 1227 1347 inpense,
1262 1265 1346 1348 quod
1375 1287 1434 1348 ego

290 1367 390 1431 multo
412 1366 577 1449 inpensius
600 1364 732 1449 adgredi
748 1364 856 1448 sapic,
881 1368 913 1429 61
934 1366 989 1428 ubi
1011 1366 1150 1448 primum
1173 1368 1434 1430 commentarium

291 1469 424 1551 miseris,
451 1468 618 1552 adgrediar
641 1490 678 1531 ex
701 1468 833 1531 summis
855 1467 1029 1531 voluntatis
1052 1468 1179 1550 opibus:
1216 1491 1292 1531 nam
1321 1469 1359 1531 de
1387 1469 1433 1531 fa-

292 1570 411 1634 cultate
433 1571 502 1633 tute
525 1569 661 1651 videbis,
686 1569 741 1653 qui
752 1591 813 1633 ‘me
836 1569 986 1633 idoneum
1010 1569 1172 1633 censuisti.

687 1805 733 1872 X.
757 1806 930 1888 Magistro
953 1805 1040 1872 Meo.

326 1943 328 1947 ¹
375 1960 505 2025 Certum
527 1982 595 2024 esse
611 1963 659 2042 te,
682 1960 727 2022 mi
749 1959 905 2042 magister
929 1959 1101 2041 carissime,
1127 1959 1252 2024 etiamsi
1268 1960 1430 2042 reticeam,

289 2062 370 2127 nihil
386 2062 507 2144 dubito,
524 2064 664 2145 quantae
679 2060 758 2123 mihi
775 2060 978 2124 acerbitatis²
991 2060 1033 2124 sit
1041 2064 1104 2124 tua
1120 2061 1223 2124 omnis
1237 2061 1285 2124 vel
1300 2061 1433 2124 minima

289 2164 432 2227 tristitia.
478 2163 690 2247 Eniml³vero
720 2184 792 2227 eum
815 2165 848 2225 et
874 2183 1006 2226 uxorem
1033 2184 1091 2245 per
1111 2165 1161 2225 tot
1190 2184 1292 2227 annos
1325 2185 1432 2227 caram

289 2268 321 2329 et
343 2268 494 2348 nepotem
516 2265 734 2329 dulcissimum
756 2286 859 2347 paene
882 2264 975 2328 simul
998 2264 1161 2327 amiseris⁴
1184 2266 1270 2327 maxi
1294 2313 1302 2330 .
1328 2316 1334 2328 .
1358 2268 1391 2328 16
1414 2288 1433 2328 a

288 2389 339 2429 me
364 2417 371 2429 .
398 2417 403 2428 .
428 2367 619 2451 magistrum
642 2368 743 2431 doctis
766 2367 861 2431 dictis
885 2365 1043 2430 consolari
1066 2367 1199 2429 audeam
1225 2416 1258 2429 ..
1282 2369 1372 2430 tuam
1397 2417 1429 2429 ..

289 2469 375 2532 enim
400 2519 405 2531 .
433 2518 438 2531 .
462 2471 532 2530 tum
557 2518 563 2530 .
590 2518 596 2531 .
622 2468 761 2534 delibera
792 2519 797 2531 .
825 2519 831 2531 .
859 2519 865 2531 .
910 2468 1007 2532 Nunc
1035 2469 1074 2531 ad
1101 2468 1224 2551 reliqua
1240 2468 1432 2532 ‘litterarum

287 2575 416 2634 tuarum
439 2571 617 2633 convertar.
662 2569 849 2634 Delectatus
874 2620 880 2632 .
905 2592 946 2632 ua
968 2570 1030 2632 th.
1058 2620 1064 2632 .
1088 2591 1172 2633 mem
1197 2620 1203 2632 .
1231 2620 1237 2632 .
1261 2571 1297 2633 in
1318 2592 1398 2655 grav
1424 2621 1429 2632 .

290 2721 296 2735 .
321 2673 364 2735 rit
389 2722 395 2735 .
422 2722 428 2735 .
453 2674 551 2739 veri„
579 2722 584 2733 .
613 2722 618 2734 .
665 2670 747 2746 Quid
772 2670 879 2760 [orlas
905 2671 949 2734 mi
971 2671 1149 2755 magister?
1174 2721 1180 2734 .
1201 2722 1207 2734 .
1232 2672 1295 2735 nisi
1318 2672 1371 2755 qui
1396 2722 1429 2734 ..

289 2797 307 2836 a
336 2796 386 2837 me
414 2795 529 2836 munus
559 2775 614 2835 aut
641 2794 684 2836 no
714 2823 720 2836 .
747 2823 753 2836 .
777 2795 848 2836 mus
871 2772 1082 2857 defendisset,
1112 2796 1175 2858 qua
1201 2773 1228 2836 si
1257 2773 1364 2837 deficis
1389 2823 1395 2835 .
1423 2822 1429 2835 .

288 2875 364 2958 quid
382 2873 471 2941 ,aliud
494 2896 554 2959 ego
577 2875 699 2939 doctior
721 2874 891 2958 quicquam
914 2878 970 2938 aut
992 2879 1106 2958 expeto
1129 2878 1185 2939 aut
1204 2875 1327 2939 somnio
1345 2926 1350 2938 .
1370 2926 1376 2937 .
1396 2925 1428 2938 ..

374 3120 387 3167 1
406 3113 478 3167 Dedi
495 3113 645 3168 lectionem
661 3112 737 3181 Maii,
757 3112 806 3167 sed
825 3111 934 3167 Codicis
951 3114 1072 3189 vestigia
1088 3129 1145 3166 non
1162 3112 1344 3192 respondent:

643 3196 979 3262 QUIDle---IEREQ
999 3241 1004 3251 .
1026 3241 1031 3251 .

676 3280 861 3360 INQUAOEIt
880 3326 885 3336 .
907 3325 913 3336 .
933 3323 938 3334 .
959 3280 1053 3353 „clas

677 3364 773 3420 CLEP.

288 3451 343 3506 Sed
362 3450 422 3518 quis
440 3452 510 3505 haec
528 3450 673 3520 expediet?

372 3543 387 3589 2
407 3534 482 3589 Oorr.
502 3539 645 3589 acerbitati.
683 3540 855 3603 Heindurfius.

373 3628 388 3675 3
406 3619 507 3689 Incipit
526 3618 592 3673 Cod.
610 3637 637 3688 p.
657 3625 721 3685 42¹1,
740 3635 811 3686 quae
829 3619 937 3674 interiit
953 3624 1066 3690 praeter
1083 3623 1141 3676 tres
1159 3621 1264 3691 primos
1283 3639 1385 3676 versus.

371 3710 388 3756 4
405 3704 580 3758 Heindorfius
599 3705 703 3772 explet:
734 3710 860 3768 crateris,
890 3713 1007 3760 maxima
1029 3705 1082 3760 tibi
1098 3705 1174 3761 vitae
1193 3707 1305 3785 solatia,
1329 3705 1429 3772 quibus

288 3805 341 3857 ego
359 3810 423 3858 map.
1219 3809 1221 3812 ’
