3300 5950
281 792 343 855 206
627 787 664 840 Μ.
679 786 855 840 CORNELII
874 784 1082 839 FRONTONIS

372 959 470 1021 Lucio
493 956 612 1020 milites
636 960 691 1019 aut
714 955 833 1019 dilectu
855 977 937 1020 novo
962 956 1101 1018 tirones¹
1126 955 1272 1018 sumendi
1292 954 1424 1019 fuerimt

282 1062 354 1124 aut²
380 1111 386 1122 .
414 1110 419 1122 .
446 1110 452 1121 .
480 1109 486 1120 .
512 1062 544 1122 et
567 1057 655 1121 molli
677 1058 793 1121 militia
817 1057 968 1140 corrupti.

365 1161 512 1243 Namque
534 1164 608 1243 post
633 1209 639 1222 .
666 1209 672 1221 .
698 1158 830 1223 ³tratae.
862 1157 1028 1221 Hadriano
1050 1158 1197 1242 principe
1219 1158 1372 1241 regundis
1395 1162 1428 1221 et

284 1263 423 1326 facunde
440 1260 638 1345 appellandis
655 1260 846 1323 exercitibus
862 1260 927 1323 suis
942 1259 1081 1343 inpigro]
1099 1260 1153 1323 sed
1169 1281 1301 1324 asumm
1314 1308 1428 1323 .......

255 1409 257 1413 1
281 1354 445 1428 bellorum.
480 1361 707 1425 Hadrianus³⁴
730 1361 911 1443 provincias
934 1382 1032 1423 manu
1047 1360 1177 1423 Traiani
1203 1363 1313 1443 captas
1336 1362 1429 1424 omit

280 1469 348 1529 tere
369 1463 493 1545 maluit,
518 1485 613 1546 quam
635 1462 777 1525 exercitu
798 1462 996 1524 retinerem

365 1566 443 1628 Eius
466 1565 617 1627 itinerum
640 1566 847 1627 monumenta
869 1563 975 1626 videas
997 1584 1055 1645 per
1077 1563 1230 1646 plurimas
1253 1565 1351 1627 Asiae
1375 1568 1422 1627 at-

281 1689 342 1750 que
362 1666 510 1749 Europae
533 1666 643 1747 urbes*
662 1668 695 1727 et
716 1686 828 1748 regum
854 1714 860 1727 .
887 1714 893 1726 .
920 1714 931 1726 ..
954 1714 960 1726 .
986 1664 1143 1727 exercitus
1168 1714 1174 1726 .
1201 1715 1207 1727 .
1232 1687 1324 1728 suum
1349 1715 1355 1728 .
1384 1715 1389 1726 .
1418 1714 1423 1726 .

281 1768 442 1830 neminem
464 1789 614 1849 umquam
636 1765 810 1855 postlvidit
825 1762 978 1851 nem[ine]
1004 1764 1193 1847 apstinendo
1208 1766 1265 1828 uni
1280 1766 1423 1828 omnium

282 1867 498 1932 Romanonun
521 1867 703 1951 principum
731 1864 856 1928 Numae
883 1866 953 1949 regi
983 1866 1256 1949 aequiperandusss
1281 1916 1422 1929 .....

284 2019 423 2033 .....
433 1970 609 2052 cllpertum
636 1971 686 2031 est
713 1966 753 2029 da
778 2016 784 2029 .
811 2016 817 2028 .
843 1966 893 2029 his
921 1988 984 2029 rem
1011 1966 1173 2049 publicam
1202 1966 1262 2029 sibi
1291 1967 1424 2030 admini-

285 2071 480 2134 strandum.
508 2121 514 2132 .
540 2070 582 2132 sis
612 2093 630 2131 a
658 2049 763 2151 patria
788 2118 793 2129 .
821 2089 911 2131 .nec
939 2067 1025 2131 belli·
1043 2068 1192 2131 adversus
1214 2068 1351 2131 Parthos
1378 2070 1425 2132 in-

282 2172 448 2235 staurandi
484 2169 619 2257 [auc]tor
654 2220 659 2232 .
687 2220 693 2231 .
719 2171 731 2208 ⁸
760 2220 767 2232 .
794 2220 800 2232 .
831 2169 877 2232 ita
911 2169 1009 2253 longa
1045 2168 1251 2232 desuetudine
1284 2169 1424 2233 bellandi

281 2273 372 2336 miles
402 2272 565 2335 Romanus
599 2272 638 2333 ad
666 2271 830 2355 ignaviam
853 2264 1015 2334 redactus.
1063 2270 1148 2333 Nam
1177 2292 1248 2333 cum
1276 2271 1423 2333 omnibus

283 2374 404 2436 artibus
426 2377 495 2435 tum
518 2372 688 2456 praecipue
711 2372 757 2435 rei
780 2371 913 2435 militari
935 2370 1056 2434 desidia
1078 2371 1174 2434 noxia
1195 2371 1276 2434 estd.
1300 2371 1389 2434 Per.
1416 2420 1422 2434 .

282 2477 331 2536 est
355 2524 361 2536 .
387 2523 394 2536 .
420 2473 556 2556 experiri
580 2476 612 2536 et
637 2522 643 2535 .
673 2523 678 2535 .
703 2472 820 2535 milites
843 2472 877 2533 in
901 2494 1013 2556 campo
1037 2493 1192 2535 exercere.

367 2574 604 2657 Corruptissimi
634 2595 709 2635 vero
738 2564 879 2636 omnium
908 2571 1057 2656 Syriatici
1085 2573 1203 2636 milites
1211 2587 1231 2655 θ,
1267 2573 1421 2655 seditiosi,

283 2678 496 2757 contumaces,
522 2676 605 2756 apud
628 2674 723 2758 sigua
743 2674 974 2756 infrequentes,
1002 2726 1008 2737 .
1034 2725 1041 2738 .
1065 2674 1234 2757 praesidiis
1255 2676 1332 2757 vagi
1362 2724 1420 2737 ...

282 2798 319 2838 ac
351 2764 499 2857 palantes
533 2775 571 2838 de
603 2774 735 2838 meridie
760 2824 765 2837 .
793 2773 822 2836 .9
844 2775 1028 2857 temulenti3
1061 2796 1102 2838 ne
1139 2778 1263 2838 armatu
1296 2776 1422 2858 quidem

282 2875 468 2939 sustinendo
497 2876 636 2958 adsueti,
666 2874 721 2938 sed
743 2876 937 2957 inpatientia
965 2876 1084 2939 laboris
1113 2876 1209 2939 armis
1232 2875 1423 2959 singillatim

282 3000 484 3007 w*

364 3079 381 3115 ἃ
400 3066 433 3114 In
450 3068 574 3130 runrpine:
593 3061 634 3114 De
652 3058 794 3116 Hadriane
813 3062 883 3131 Imp.

365 3146 383 3197 b
402 3150 435 3198 In
453 3153 575 3214 marpine:
594 3146 750 3200 Hadrianus
768 3177 800 3184 -
817 3145 946 3200 retinere.

365 3247 379 3282 c
397 3233 430 3282 Io
448 3239 572 3298 margine:
596 3228 689 3292 Qualis
707 3230 863 3282 Antoninus
880 3229 972 3282 fuerit.

365 3314 383 3366 d
401 3317 434 3366 In
452 3321 575 3381 marpine:
595 3318 693 3381 Longa
710 3313 891 3368 desuetudine
909 3343 942 3350 -
959 3313 1043 3367 noxia
1061 3315 1109 3367 est.

365 3415 379 3450 e
398 3403 431 3450 Ia
449 3403 575 3465 uearpine:
593 3396 768 3464 Vituperatio
788 3396 916 3464 Syriatici
935 3397 1071 3451 exercitus
1091 3397 1220 3466 corrupti.

279 3568 330 3620 pro
349 3557 466 3619 cuiusque
485 3549 623 3617 dignitate
643 3549 773 3614 ornabat,
796 3550 828 3602 ut
851 3567 931 3602 suum
948 3549 1085 3602 nonnullis
1108 3548 1263 3618 praemium
1282 3555 1420 3618 triumphas

279 3634 428 3687 videretur.
463 3633 546 3687 Lucio
567 3635 617 3687 cet.

366 3725 378 3770 1
397 3717 457 3769 Duo
476 3717 612 3771 vocabula
628 3717 717 3771 Maius
730 3717 901 3786 supplevisse
914 3716 1032 3784 videtur,
1051 3718 1100 3772 sed
1112 3734 1168 3771 non
1180 3718 1248 3772 satis
1268 3721 1310 3772 est
1327 3718 1417 3787 spatii.

363 3809 378 3854 2
397 3800 500 3870 Supple
519 3801 587 3855 duos
608 3819 709 3855 versus.

363 3892 378 3939 3
397 3885 465 3959 ¹Tres
486 3903 580 3939 versus
602 3885 708 3940 incerti.
746 3884 864 3956 Supplet
889 3886 1077 3940 Heindorfius:
1108 3891 1221 3955 Namque
1242 3898 1301 3955 poet
1324 3887 1419 3940 Traia·

278 3989 344 4024 num
362 3969 474 4024 evanuit
490 3971 693 4039 propemodum
711 3970 827 4037 antiqua
843 3970 961 4024 militum
978 3971 1077 4039 virtue,
1095 3976 1234 4026 Hadriano
1252 3971 1285 4011 '-
1301 3977 1417 4040 impipra

278 4061 326 4108 sed
347 4075 363 4108 a
380 4075 472 4108 minemo
495 4067 576 4108 tuanen
599 4059 716 4109 bellorum
743 4053 965 4110 administranda
990 4055 1088 4109 alieno.
1125 4053 1233 4124 Quippe
1259 4055 1417 4110 Hadrianus

278 4139 400 4207 provinc.

362 4230 378 4276 4
395 4223 484 4276 Maius
502 4222 667 4276 vocabulum
685 4223 820 4277 adsumsit
838 4241 854 4278 e
871 4224 1006 4292 margine,
1024 4241 1090 4277 nam
1108 4223 1230 4292 spatium
1247 4239 1302 4276 non
1321 4226 1370 4278 est.

311 4359 315 4366 ,
363 4313 378 4359 5
397 4306 561 4375 Spartianus
579 4307 607 4359 in
624 4307 710 4362 Hadr.
728 4308 776 4361 vit.
796 4326 817 4361 c.
838 4315 862 4362 5.
887 4309 1004 4377 August.
1024 4307 1058 4361 de
1077 4306 1133 4360 civ.
1153 4306 1186 4361 D.
1199 4307 1245 4361 IV.
1260 4314 1300 4361 29.
1322 4313 1415 4366 Maius.

352 4397 377 4443 ,o
394 4391 563 4444 Frontonem
581 4391 706 4444 imitatur
725 4390 872 4460 Capitolia.
890 4391 920 4444 in
937 4391 986 4445 Pio
1005 4408 1026 4443 c.
1046 4390 1094 4443 ult.
1114 4395 1209 4452 Maius

364 4483 377 4529 7
397 4474 527 4543 Sequitur
548 4474 613 4528 Cod.
632 4493 659 4544 p.
679 4481 729 4530 258
747 4475 873 4530 obscura.

362 4566 378 4613 8
397 4558 499 4628 Supple
519 4558 663 4612 dimidium
682 4575 798 4613 versum.
831 4565 924 4614 Maius.

362 4650 377 4697 9
396 4645 427 4695 ln
445 4643 488 4697 his
505 4643 611 4698 lacunis
628 4660 718 4713 pauca
735 4645 822 4699 verba
838 4643 989 4712 perierunt.
1014 4643 1201 4698 Heindorfius:
1219 4644 1262 4696 An
1280 4645 1364 4697 forte:
1383 4661 1415 4696 ox

279 4727 396 4782 castellis
415 4728 499 4781 etiam
523 4733 551 4780 et
571 4734 712 4796 praesidiis
728 4735 786 4797 oapi
802 4728 860 4782 sine
879 4728 1035 4781 commeatu
1053 4748 1085 4781 ac
1100 4734 1227 4796 palantes.
1264 4728 1334 4781 Tum
1353 4727 1414 4780 Nie-

277 4812 404 4865 buhrius:
424 4818 455 4877 de
473 4818 578 4866 meridie
595 4812 770 4866 somniculosi
788 4829 820 4866 ae
839 4819 972 4865 temulenti.
