<?xml version="1.0" encoding="UTF-8"?>
<!DOCTYPE html PUBLIC "-//W3C//DTD XHTML 1.0 Transitional//EN"
    "http://www.w3.org/TR/xhtml1/DTD/xhtml1-transitional.dtd">
<html xmlns="http://www.w3.org/1999/xhtml" xml:lang="en" lang="en">
 <head>
  <title>
</title>
<meta http-equiv="Content-Type" content="text/html;charset=utf-8" />
  <meta name='ocr-system' content='tesseract 3.04.00' />
  <meta name='ocr-capabilities' content='ocr_page ocr_carea ocr_par ocr_line ocrx_word'/>
</head>
<body>
  <div class='ocr_page' id='page_1' title='image "./mcorneliifronto01frongoog/mcorneliifronto01frongoog_0148.png"; bbox 0 0 3300 5950; ppageno 0'>
   <div class='ocr_carea' id='block_1_1' title="bbox 264 771 1199 840">
    <p class='ocr_par' dir='ltr' id='par_1_1' title="bbox 264 771 1199 840">
     <span class='ocr_line' id='line_1_1' title="bbox 264 771 1199 840; baseline -0.004 -8"><span class='ocrx_word' id='word_1_1' title='bbox 264 775 324 840; x_wconf 83' lang='lat'><em>108</em></span> <span class='ocrx_word' id='word_1_2' title='bbox 478 774 514 828; x_wconf 89' lang='grc' dir='ltr'><em>Μ.</em></span> <span class='ocrx_word' id='word_1_3' title='bbox 530 773 700 829; x_wconf 82' lang='lat' dir='ltr'>CORNELII</span> <span class='ocrx_word' id='word_1_4' title='bbox 717 771 925 829; x_wconf 79' lang='lat' dir='ltr'>FRONTONIS</span> <span class='ocrx_word' id='word_1_5' title='bbox 942 771 1199 828; x_wconf 78' lang='lat' dir='ltr'><strong>EPISTULARUM</strong></span> 
     </span>
    </p>
   </div>
   <div class='ocr_carea' id='block_1_2' title="bbox 210 943 1439 2462">
    <p class='ocr_par' dir='ltr' id='par_1_2' title="bbox 210 943 1439 2462">
     <span class='ocr_line' id='line_1_2' title="bbox 260 943 1405 1018; baseline 0 -7"><span class='ocrx_word' id='word_1_6' title='bbox 260 954 420 1011; x_wconf 84' lang='lat' dir='ltr'><em>simulator</em></span> <span class='ocrx_word' id='word_1_7' title='bbox 435 968 472 1010; x_wconf 91' lang='lat' dir='ltr'><em>ae</em></span> <span class='ocrx_word' id='word_1_8' title='bbox 487 951 706 1018; x_wconf 84' lang='lat' dir='ltr'><em>dissimulator;</em></span> <span class='ocrx_word' id='word_1_9' title='bbox 728 943 868 1009; x_wconf 83' lang='lat' dir='ltr'>Tullium</span> <span class='ocrx_word' id='word_1_10' title='bbox 883 966 957 1009; x_wconf 83' lang='lat' dir='ltr'><em>vero</em></span> <span class='ocrx_word' id='word_1_11' title='bbox 974 945 1237 1009; x_wconf 80' lang='lat' dir='ltr'><em>commotissimu¹</em></span> <span class='ocrx_word' id='word_1_12' title='bbox 1261 949 1294 1011; x_wconf 88' lang='lat' dir='ltr'><em>et</em></span> <span class='ocrx_word' id='word_1_13' title='bbox 1313 947 1405 1011; x_wconf 78' lang='lat' dir='ltr'><em>farni-</em></span> 
     </span>
     <span class='ocr_line' id='line_1_3' title="bbox 261 1048 1404 1132; baseline 0.003 -20"><span class='ocrx_word' id='word_1_14' title='bbox 261 1049 335 1112; x_wconf 74' lang='grc' dir='ltr'><strong>11οτ1</strong></span> <span class='ocrx_word' id='word_1_15' title='bbox 357 1048 536 1113; x_wconf 78' lang='lat' dir='ltr'><em>oratoribus</em></span> <span class='ocrx_word' id='word_1_16' title='bbox 558 1048 662 1132; x_wconf 82' lang='lat' dir='ltr'>figura</span> <span class='ocrx_word' id='word_1_17' title='bbox 684 1070 792 1129; x_wconf 84' lang='lat' dir='ltr'>usum,</span> <span class='ocrx_word' id='word_1_18' title='bbox 823 1070 920 1131; x_wconf 84' lang='lat' dir='ltr'>quam</span> <span class='ocrx_word' id='word_1_19' title='bbox 948 1048 1119 1132; x_wconf 74' lang='lat' dir='ltr'>scriptores</span> <span class='ocrx_word' id='word_1_20' title='bbox 1142 1048 1259 1112; x_wconf 87' lang='lat' dir='ltr'><em>artium</em></span> <span class='ocrx_word' id='word_1_21' title='bbox 1287 1050 1404 1116; x_wconf 77' lang='grc' dir='ltr'>ἐπανα-</span> 
     </span>
     <span class='ocr_line' id='line_1_4' title="bbox 262 1150 1439 1232; baseline 0 -16"><span class='ocrx_word' id='word_1_22' title='bbox 262 1152 392 1232; x_wconf 70' lang='grc' dir='ltr'><em>00011νέι</em></span> <span class='ocrx_word' id='word_1_23' title='bbox 414 1150 550 1214; x_wconf 80' lang='lat' dir='ltr'><em>vocant²</em></span> <span class='ocrx_word' id='word_1_24' title='bbox 580 1198 824 1215; x_wconf 90' lang='lat'><strong>..........</strong></span> <span class='ocrx_word' id='word_1_25' title='bbox 854 1151 946 1225; x_wconf 77' lang='lat' dir='ltr'><em>³(tar&#39;s</em></span> <span class='ocrx_word' id='word_1_26' title='bbox 967 1156 1151 1215; x_wconf 81' lang='lat' dir='ltr'><em>clarioribus</em></span> <span class='ocrx_word' id='word_1_27' title='bbox 1178 1158 1252 1215; x_wconf 86' lang='lat' dir='ltr'><em>ciris</em></span> <span class='ocrx_word' id='word_1_28' title='bbox 1274 1159 1405 1230; x_wconf 78' lang='lat' dir='ltr'><em>pacatam</em></span> <span class='ocrx_word' id='word_1_29' title='bbox 1437 1227 1439 1232; x_wconf 68' lang='lat'>,</span> 
     </span>
     <span class='ocr_line' id='line_1_5' title="bbox 261 1257 1404 1334; baseline 0.001 -17"><span class='ocrx_word' id='word_1_30' title='bbox 261 1264 394 1333; x_wconf 87' lang='lat' dir='ltr'><em>tempore</em></span> <span class='ocrx_word' id='word_1_31' title='bbox 416 1259 600 1317; x_wconf 79' lang='lat' dir='ltr'><em>iucundior?</em></span> <span class='ocrx_word' id='word_1_32' title='bbox 629 1260 694 1331; x_wconf 80' lang='lat' dir='ltr'><em>pais</em></span> <span class='ocrx_word' id='word_1_33' title='bbox 716 1257 904 1331; x_wconf 75' lang='lat' dir='ltr'><em>turpioribus</em></span> <span class='ocrx_word' id='word_1_34' title='bbox 925 1260 1135 1317; x_wconf 86' lang='lat' dir='ltr'><em>coniunctior?</em></span> <span class='ocrx_word' id='word_1_35' title='bbox 1163 1260 1229 1334; x_wconf 83' lang='lat' dir='ltr'><em>quis</em></span> <span class='ocrx_word' id='word_1_36' title='bbox 1250 1260 1324 1318; x_wconf 83' lang='lat' dir='ltr'><em>eicis</em></span> <span class='ocrx_word' id='word_1_37' title='bbox 1345 1276 1404 1318; x_wconf 85' lang='lat' dir='ltr'><em>me·</em></span> 
     </span>
     <span class='ocr_line' id='line_1_6' title="bbox 261 1360 1404 1435; baseline 0.001 -16"><span class='ocrx_word' id='word_1_38' title='bbox 261 1362 372 1419; x_wconf 86' lang='lat' dir='ltr'><em>tiorum</em></span> <span class='ocrx_word' id='word_1_39' title='bbox 393 1361 532 1435; x_wconf 86' lang='lat' dir='ltr'><em>partiam</em></span> <span class='ocrx_word' id='word_1_40' title='bbox 562 1360 748 1434; x_wconf 81' lang='lat' dir='ltr'><em>aliquando?</em></span> <span class='ocrx_word' id='word_1_41' title='bbox 794 1362 860 1435; x_wconf 81' lang='lat' dir='ltr'><em>pais</em></span> <span class='ocrx_word' id='word_1_42' title='bbox 888 1362 1015 1419; x_wconf 78' lang='lat' dir='ltr'><em>taetrior</em></span> <span class='ocrx_word' id='word_1_43' title='bbox 1041 1360 1132 1419; x_wconf 76' lang='lat' dir='ltr'><em>tostis</em></span> <span class='ocrx_word' id='word_1_44' title='bbox 1164 1361 1234 1420; x_wconf 75' lang='lat' dir='ltr'><em>truie</em></span> <span class='ocrx_word' id='word_1_45' title='bbox 1266 1362 1404 1421; x_wconf 82' lang='lat' dir='ltr'><em>ciuitati?</em></span> 
     </span>
     <span class='ocr_line' id='line_1_7' title="bbox 261 1461 1404 1538; baseline 0.002 -17"><span class='ocrx_word' id='word_1_46' title='bbox 261 1465 327 1538; x_wconf 78' lang='lat' dir='ltr'><em>qais</em></span> <span class='ocrx_word' id='word_1_47' title='bbox 355 1464 385 1521; x_wconf 85' lang='lat' dir='ltr'><em>in</em></span> <span class='ocrx_word' id='word_1_48' title='bbox 414 1461 614 1536; x_wconf 79' lang='lat' dir='ltr'><em>uoluptatibus</em></span> <span class='ocrx_word' id='word_1_49' title='bbox 641 1463 848 1535; x_wconf 74' lang='lat' dir='ltr'><em>inquinatior?</em></span> <span class='ocrx_word' id='word_1_50' title='bbox 889 1465 954 1535; x_wconf 86' lang='lat' dir='ltr'><em>qais</em></span> <span class='ocrx_word' id='word_1_51' title='bbox 981 1464 1012 1521; x_wconf 86' lang='lat' dir='ltr'><em>in</em></span> <span class='ocrx_word' id='word_1_52' title='bbox 1039 1461 1192 1522; x_wconf 77' lang='lat' dir='ltr'><em>laboribus</em></span> <span class='ocrx_word' id='word_1_53' title='bbox 1214 1465 1404 1537; x_wconf 74' lang='lat' dir='ltr'><em>patientior?</em></span> 
     </span>
     <span class='ocr_line' id='line_1_8' title="bbox 261 1560 1404 1643; baseline 0.001 -20"><span class='ocrx_word' id='word_1_54' title='bbox 261 1567 328 1639; x_wconf 77' lang='lat' dir='ltr'><em>qais</em></span> <span class='ocrx_word' id='word_1_55' title='bbox 350 1566 381 1622; x_wconf 88' lang='lat' dir='ltr'><em>in</em></span> <span class='ocrx_word' id='word_1_56' title='bbox 403 1568 576 1638; x_wconf 77' lang='lat' dir='ltr'><em>rapacitate</em></span> <span class='ocrx_word' id='word_1_57' title='bbox 598 1565 743 1631; x_wconf 78' lang='lat' dir='ltr'><em>avarior?</em></span> <span class='ocrx_word' id='word_1_58' title='bbox 766 1566 833 1639; x_wconf 84' lang='lat' dir='ltr'><em>qais</em></span> <span class='ocrx_word' id='word_1_59' title='bbox 854 1566 884 1623; x_wconf 87' lang='lat' dir='ltr'><em>ia</em></span> <span class='ocrx_word' id='word_1_60' title='bbox 899 1566 1062 1637; x_wconf 80' lang='lat' dir='ltr'><em>larpitione</em></span> <span class='ocrx_word' id='word_1_61' title='bbox 1076 1565 1224 1639; x_wconf 82' lang='lat' dir='ltr'><em>effusior?</em></span> <span class='ocrx_word' id='word_1_62' title='bbox 1239 1560 1295 1629; x_wconf 77' lang='lat' dir='ltr'><em>,Et</em></span> <span class='ocrx_word' id='word_1_63' title='bbox 1309 1582 1404 1643; x_wconf 90' lang='lat' dir='ltr'><em>porro</em></span> 
     </span>
     <span class='ocr_line' id='line_1_9' title="bbox 261 1656 1403 1744; baseline 0.002 -20"><span class='ocrx_word' id='word_1_64' title='bbox 261 1656 410 1744; x_wconf 74' lang='lat' dir='ltr'><em>deinceps</em></span> <span class='ocrx_word' id='word_1_65' title='bbox 434 1660 474 1723; x_wconf 82' lang='lat' dir='ltr'><em>ab</em></span> <span class='ocrx_word' id='word_1_66' title='bbox 497 1660 606 1724; x_wconf 88' lang='lat' dir='ltr'>eodem</span> <span class='ocrx_word' id='word_1_67' title='bbox 627 1660 689 1724; x_wconf 88' lang='lat' dir='ltr'><em>isto</em></span> <span class='ocrx_word' id='word_1_68' title='bbox 710 1662 807 1725; x_wconf 87' lang='lat' dir='ltr'><em>verbo</em></span> <span class='ocrx_word' id='word_1_69' title='bbox 830 1661 1010 1725; x_wconf 86' lang='lat' dir='ltr'><em>sententiae</em></span> <span class='ocrx_word' id='word_1_70' title='bbox 1031 1660 1235 1725; x_wconf 85' lang='lat' dir='ltr'><em>inchoantur.</em></span> <span class='ocrx_word' id='word_1_71' title='bbox 1270 1661 1304 1727; x_wconf 78' lang='lat' dir='ltr'><em>si</em></span> <span class='ocrx_word' id='word_1_72' title='bbox 1319 1663 1403 1726; x_wconf 86' lang='lat' dir='ltr'>vide-</span> 
     </span>
     <span class='ocr_line' id='line_1_10' title="bbox 261 1762 1404 1848; baseline 0.002 -22"><span class='ocrx_word' id='word_1_73' title='bbox 261 1762 348 1827; x_wconf 89' lang='lat' dir='ltr'><em>bitur</em></span> <span class='ocrx_word' id='word_1_74' title='bbox 374 1763 407 1825; x_wconf 91' lang='lat' dir='ltr'><em>id</em></span> <span class='ocrx_word' id='word_1_75' title='bbox 433 1763 516 1846; x_wconf 90' lang='lat' dir='ltr'>quod</span> <span class='ocrx_word' id='word_1_76' title='bbox 545 1762 772 1826; x_wconf 81' lang='lat' dir='ltr'><em>animadvertit</em></span> <span class='ocrx_word' id='word_1_77' title='bbox 799 1764 837 1827; x_wconf 86' lang='lat' dir='ltr'><em>de</em></span> <span class='ocrx_word' id='word_1_78' title='bbox 864 1766 897 1828; x_wconf 89' lang='lat' dir='ltr'><em>te</em></span> <span class='ocrx_word' id='word_1_79' title='bbox 927 1813 934 1827; x_wconf 93' lang='lat'><strong><em>.</em></strong></span> <span class='ocrx_word' id='word_1_80' title='bbox 959 1765 988 1827; x_wconf 76' lang='lat'><em>‚4</em></span> <span class='ocrx_word' id='word_1_81' title='bbox 1016 1764 1114 1828; x_wconf 85' lang='lat' dir='ltr'><em>citato</em></span> <span class='ocrx_word' id='word_1_82' title='bbox 1143 1787 1185 1827; x_wconf 86' lang='lat' dir='ltr'><em>an</em></span> <span class='ocrx_word' id='word_1_83' title='bbox 1212 1786 1270 1848; x_wconf 92' lang='lat' dir='ltr'><em>pro</em></span> <span class='ocrx_word' id='word_1_84' title='bbox 1299 1767 1404 1828; x_wconf 88' lang='lat' dir='ltr'><em>cetero</em></span> 
     </span>
     <span class='ocr_line' id='line_1_11' title="bbox 260 1864 1403 1932; baseline 0.003 -5"><span class='ocrx_word' id='word_1_85' title='bbox 260 1867 376 1928; x_wconf 82' lang='lat' dir='ltr'><em>ornatu</em></span> <span class='ocrx_word' id='word_1_86' title='bbox 398 1886 436 1927; x_wconf 84' lang='lat' dir='ltr'><em>ac</em></span> <span class='ocrx_word' id='word_1_87' title='bbox 457 1866 598 1929; x_wconf 77' lang='lat' dir='ltr'>tumultu</span> <span class='ocrx_word' id='word_1_88' title='bbox 620 1865 759 1929; x_wconf 89' lang='lat' dir='ltr'>medium</span> <span class='ocrx_word' id='word_1_89' title='bbox 780 1864 861 1929; x_wconf 90' lang='lat' dir='ltr'>illud</span> <span class='ocrx_word' id='word_1_90' title='bbox 887 1864 1105 1929; x_wconf 82' lang='lat' dir='ltr'><em>inculcatum⁵</em></span> <span class='ocrx_word' id='word_1_91' title='bbox 1127 1868 1184 1931; x_wconf 89' lang='lat' dir='ltr'><em>sit:</em></span> <span class='ocrx_word' id='word_1_92' title='bbox 1217 1888 1284 1932; x_wconf 85' lang='lat' dir='ltr'><em>curn</em></span> <span class='ocrx_word' id='word_1_93' title='bbox 1311 1874 1403 1931; x_wconf 84' lang='lat' dir='ltr'><em>omni-</em></span> 
     </span>
     <span class='ocr_line' id='line_1_12' title="bbox 210 1957 1403 2053; baseline 0 -21"><span class='ocrx_word' id='word_1_94' title='bbox 210 2001 219 2013; x_wconf 89' lang='lat'><strong>·</strong></span> <span class='ocrx_word' id='word_1_95' title='bbox 260 1973 314 2032; x_wconf 83' lang='lat' dir='ltr'><em>bas</em></span> <span class='ocrx_word' id='word_1_96' title='bbox 335 1974 556 2032; x_wconf 83' lang='lat' dir='ltr'><em>communicare</em></span> <span class='ocrx_word' id='word_1_97' title='bbox 578 1974 660 2047; x_wconf 80' lang='lat' dir='ltr'><em>qaod</em></span> <span class='ocrx_word' id='word_1_98' title='bbox 679 1972 822 2032; x_wconf 80' lang='lat' dir='ltr'><em>talebot:</em></span> <span class='ocrx_word' id='word_1_99' title='bbox 844 1990 921 2032; x_wconf 83' lang='lat' dir='ltr'><em>nam</em></span> <span class='ocrx_word' id='word_1_100' title='bbox 942 1967 1022 2031; x_wconf 89' lang='lat' dir='ltr'><em>mihi</em></span> <span class='ocrx_word' id='word_1_101' title='bbox 1044 1957 1139 2052; x_wconf 79' lang='lat' dir='ltr'><em>paulo</em></span> <span class='ocrx_word' id='word_1_102' title='bbox 1162 1969 1223 2033; x_wconf 94' lang='lat' dir='ltr'><em>hoc</em></span> <span class='ocrx_word' id='word_1_103' title='bbox 1243 1969 1403 2053; x_wconf 82' lang='lat' dir='ltr'><em>volgatius</em></span> 
     </span>
     <span class='ocr_line' id='line_1_13' title="bbox 259 2068 1403 2155; baseline 0.002 -22"><span class='ocrx_word' id='word_1_104' title='bbox 259 2076 293 2133; x_wconf 90' lang='lat' dir='ltr'><em>et</em></span> <span class='ocrx_word' id='word_1_105' title='bbox 313 2068 451 2133; x_wconf 89' lang='lat' dir='ltr'><em>ieiunius</em></span> <span class='ocrx_word' id='word_1_106' title='bbox 478 2070 613 2134; x_wconf 88' lang='lat' dir='ltr'><em>videtur.</em></span> <span class='ocrx_word' id='word_1_107' title='bbox 658 2068 732 2133; x_wconf 89' lang='lat' dir='ltr'><em>Non</em></span> <span class='ocrx_word' id='word_1_108' title='bbox 762 2120 768 2133; x_wconf 92' lang='lat'><strong>.</strong></span> <span class='ocrx_word' id='word_1_109' title='bbox 795 2070 823 2133; x_wconf 68' lang='lat'><em>.⁶</em></span> <span class='ocrx_word' id='word_1_110' title='bbox 852 2073 925 2155; x_wconf 88' lang='lat' dir='ltr'><em>post</em></span> <span class='ocrx_word' id='word_1_111' title='bbox 951 2069 1007 2133; x_wconf 85' lang='lat' dir='ltr'>illa</span> <span class='ocrx_word' id='word_1_112' title='bbox 1036 2068 1168 2135; x_wconf 79' lang='lat' dir='ltr'><em>Sallusti</em></span> <span class='ocrx_word' id='word_1_113' title='bbox 1196 2074 1229 2135; x_wconf 87' lang='lat' dir='ltr'><em>et</em></span> <span class='ocrx_word' id='word_1_114' title='bbox 1251 2070 1336 2134; x_wconf 86' lang='lat' dir='ltr'>Tulli</span> <span class='ocrx_word' id='word_1_115' title='bbox 1364 2071 1403 2135; x_wconf 89' lang='lat' dir='ltr'><em>de</em></span> 
     </span>
     <span class='ocr_line' id='line_1_14' title="bbox 261 2169 1400 2256; baseline 0.001 -20"><span class='ocrx_word' id='word_1_116' title='bbox 261 2170 402 2237; x_wconf 76' lang='lat' dir='ltr'><em>Catilina</em></span> <span class='ocrx_word' id='word_1_117' title='bbox 430 2171 465 2236; x_wconf 87' lang='lat' dir='ltr'><em>L.</em></span> <span class='ocrx_word' id='word_1_118' title='bbox 483 2173 609 2236; x_wconf 86' lang='lat' dir='ltr'>Antoni</span> <span class='ocrx_word' id='word_1_119' title='bbox 631 2221 638 2237; x_wconf 87' lang='lat'><strong>.</strong></span> <span class='ocrx_word' id='word_1_120' title='bbox 664 2169 691 2235; x_wconf 76' lang='lat'><em>‚⁷</em></span> <span class='ocrx_word' id='word_1_121' title='bbox 719 2176 794 2236; x_wconf 92' lang='lat' dir='ltr'><em>utus</em></span> <span class='ocrx_word' id='word_1_122' title='bbox 823 2173 870 2236; x_wconf 85' lang='lat' dir='ltr'><em>ait</em></span> <span class='ocrx_word' id='word_1_123' title='bbox 896 2172 1052 2256; x_wconf 83' lang='lat' dir='ltr'><em>putabam</em></span> <span class='ocrx_word' id='word_1_124' title='bbox 1078 2173 1265 2237; x_wconf 77' lang='lat' dir='ltr'><em>ostendere8</em></span> <span class='ocrx_word' id='word_1_125' title='bbox 1295 2223 1301 2235; x_wconf 94' lang='lat'>.</span> <span class='ocrx_word' id='word_1_126' title='bbox 1328 2223 1335 2236; x_wconf 91' lang='lat'>.</span> <span class='ocrx_word' id='word_1_127' title='bbox 1361 2223 1368 2236; x_wconf 87' lang='lat'><strong>.</strong></span> <span class='ocrx_word' id='word_1_128' title='bbox 1394 2224 1400 2237; x_wconf 93' lang='lat'>.</span> 
     </span>
     <span class='ocr_line' id='line_1_15' title="bbox 254 2276 1402 2355; baseline 0 -17"><span class='ocrx_word' id='word_1_129' title='bbox 254 2286 383 2354; x_wconf 86' lang='lat' dir='ltr'><em>praeter</em></span> <span class='ocrx_word' id='word_1_130' title='bbox 411 2287 585 2339; x_wconf 84' lang='lat' dir='ltr'><em>ueteranum</em></span> <span class='ocrx_word' id='word_1_131' title='bbox 614 2325 621 2339; x_wconf 90' lang='lat'>.</span> <span class='ocrx_word' id='word_1_132' title='bbox 648 2326 654 2340; x_wconf 91' lang='lat'><strong>.</strong></span> <span class='ocrx_word' id='word_1_133' title='bbox 685 2276 738 2339; x_wconf 76' lang='lat' dir='ltr'><em>9re</em></span> <span class='ocrx_word' id='word_1_134' title='bbox 757 2295 871 2354; x_wconf 81' lang='lat' dir='ltr'><em>mappa</em></span> <span class='ocrx_word' id='word_1_135' title='bbox 895 2296 974 2354; x_wconf 84' lang='lat' dir='ltr'><em>pars</em></span> <span class='ocrx_word' id='word_1_136' title='bbox 997 2282 1155 2340; x_wconf 83' lang='lat' dir='ltr'><em>incantatis</em></span> <span class='ocrx_word' id='word_1_137' title='bbox 1175 2276 1402 2355; x_wconf 72' lang='lat' dir='ltr'><em>sequebatur.⁴⁰</em></span> 
     </span>
     <span class='ocr_line' id='line_1_16' title="bbox 258 2364 1402 2462; baseline 0 -21"><span class='ocrx_word' id='word_1_138' title='bbox 258 2377 380 2441; x_wconf 79' lang='lat' dir='ltr'><em>Idcirco</em></span> <span class='ocrx_word' id='word_1_139' title='bbox 402 2376 463 2440; x_wconf 91' lang='lat' dir='ltr'><em>hoo</em></span> <span class='ocrx_word' id='word_1_140' title='bbox 485 2378 520 2439; x_wconf 91' lang='lat' dir='ltr'><em>in</em></span> <span class='ocrx_word' id='word_1_141' title='bbox 542 2384 659 2457; x_wconf 88' lang='lat' dir='ltr'><em>scripto</em></span> <span class='ocrx_word' id='word_1_142' title='bbox 680 2380 717 2441; x_wconf 90' lang='lat' dir='ltr'><em>tu</em></span> <span class='ocrx_word' id='word_1_143' title='bbox 738 2378 860 2441; x_wconf 81' lang='lat' dir='ltr'><em>faceres</em></span> <span class='ocrx_word' id='word_1_144' title='bbox 888 2376 973 2440; x_wconf 87' lang='lat' dir='ltr'>idem</span> <span class='ocrx_word' id='word_1_145' title='bbox 1001 2379 1084 2462; x_wconf 92' lang='lat' dir='ltr'>quod</span> <span class='ocrx_word' id='word_1_146' title='bbox 1105 2378 1210 2461; x_wconf 91' lang='lat' dir='ltr'><em>pictor</em></span> <span class='ocrx_word' id='word_1_147' title='bbox 1236 2364 1290 2462; x_wconf 85' lang='lat' dir='ltr'><em>qui</em></span> <span class='ocrx_word' id='word_1_148' title='bbox 1312 2400 1402 2441; x_wconf 89' lang='lat' dir='ltr'>nunr-</span> 
     </span>
    </p>
   </div>
   <div class='ocr_carea' id='block_1_3' title="bbox 161 2479 1403 2565">
    <p class='ocr_par' dir='ltr' id='par_1_3' title="bbox 161 2479 1403 2565">
     <span class='ocr_line' id='line_1_17' title="bbox 161 2479 1403 2565; baseline 0.002 -24"><span class='ocrx_word' id='word_1_149' title='bbox 161 2540 165 2559; x_wconf 61' lang='grc'><strong><em>,</em></strong></span> <span class='ocrx_word' id='word_1_150' title='bbox 259 2501 355 2563; x_wconf 82' lang='lat' dir='ltr'>quom</span> <span class='ocrx_word' id='word_1_151' title='bbox 370 2500 484 2562; x_wconf 88' lang='lat' dir='ltr'>equom</span> <span class='ocrx_word' id='word_1_152' title='bbox 498 2480 629 2563; x_wconf 82' lang='lat' dir='ltr'><em>pinge1¹</em></span> <span class='ocrx_word' id='word_1_153' title='bbox 656 2530 663 2543; x_wconf 91' lang='lat'><strong>.</strong></span> <span class='ocrx_word' id='word_1_154' title='bbox 682 2529 689 2543; x_wconf 87' lang='lat'><strong>.</strong></span> <span class='ocrx_word' id='word_1_155' title='bbox 708 2530 715 2544; x_wconf 92' lang='lat'><strong><em>.</em></strong></span> <span class='ocrx_word' id='word_1_156' title='bbox 734 2530 740 2543; x_wconf 92' lang='lat'>.</span> <span class='ocrx_word' id='word_1_157' title='bbox 764 2501 823 2563; x_wconf 90' lang='lat' dir='ltr'><em>pro</em></span> <span class='ocrx_word' id='word_1_158' title='bbox 840 2529 847 2543; x_wconf 86' lang='lat'>.</span> <span class='ocrx_word' id='word_1_159' title='bbox 866 2531 872 2543; x_wconf 91' lang='lat'>.</span> <span class='ocrx_word' id='word_1_160' title='bbox 891 2479 933 2543; x_wconf 76' lang='lat'><em>‚¹²</em></span> <span class='ocrx_word' id='word_1_161' title='bbox 955 2480 1072 2565; x_wconf 85' lang='lat' dir='ltr'><em>pingit.</em></span> <span class='ocrx_word' id='word_1_162' title='bbox 1106 2479 1283 2564; x_wconf 70' lang='lat' dir='ltr'>Iugurthae</span> <span class='ocrx_word' id='word_1_163' title='bbox 1298 2481 1403 2545; x_wconf 82' lang='lat' dir='ltr'><em>forma</em></span> 
     </span>
    </p>
   </div>
   <div class='ocr_carea' id='block_1_4' title="bbox 171 2581 1403 2969">
    <p class='ocr_par' dir='ltr' id='par_1_4' title="bbox 171 2581 1403 2969">
     <span class='ocr_line' id='line_1_18' title="bbox 171 2581 1402 2668; baseline 0.001 -23"><span class='ocrx_word' id='word_1_164' title='bbox 171 2661 174 2668; x_wconf 20' lang='lat' dir='ltr'><em>r</em></span> <span class='ocrx_word' id='word_1_165' title='bbox 260 2581 413 2645; x_wconf 87' lang='lat' dir='ltr'><em>eiusmodi</em></span> <span class='ocrx_word' id='word_1_166' title='bbox 436 2581 532 2646; x_wconf 78' lang='lat' dir='ltr'><em>est¹³t</em></span> <span class='ocrx_word' id='word_1_167' title='bbox 557 2586 616 2657; x_wconf 77' lang='lat' dir='ltr'><em>Oai</em></span> <span class='ocrx_word' id='word_1_168' title='bbox 636 2588 688 2646; x_wconf 75' lang='lat' dir='ltr'><em>alii</em></span> <span class='ocrx_word' id='word_1_169' title='bbox 705 2588 836 2661; x_wconf 79' lang='lat' dir='ltr'><em>primam</em></span> <span class='ocrx_word' id='word_1_170' title='bbox 851 2588 991 2655; x_wconf 83' lang='lat' dir='ltr'><em>adolevit,</em></span> <span class='ocrx_word' id='word_1_171' title='bbox 1012 2590 1129 2663; x_wconf 86' lang='lat' dir='ltr'><em>poliens</em></span> <span class='ocrx_word' id='word_1_172' title='bbox 1144 2588 1264 2662; x_wconf 80' lang='lat' dir='ltr'><em>uiribus,</em></span> <span class='ocrx_word' id='word_1_173' title='bbox 1290 2590 1402 2649; x_wconf 83' lang='lat' dir='ltr'><em>decora</em></span> 
     </span>
     <span class='ocr_line' id='line_1_19' title="bbox 255 2670 1401 2765; baseline 0.001 -18"><span class='ocrx_word' id='word_1_174' title='bbox 255 2687 352 2763; x_wconf 88' lang='lat' dir='ltr'><em>facie,</em></span> <span class='ocrx_word' id='word_1_175' title='bbox 377 2690 431 2747; x_wconf 82' lang='lat' dir='ltr'><em>seri</em></span> <span class='ocrx_word' id='word_1_176' title='bbox 451 2690 542 2748; x_wconf 85' lang='lat' dir='ltr'><em>mutto</em></span> <span class='ocrx_word' id='word_1_177' title='bbox 563 2690 695 2749; x_wconf 74' lang='lat' dir='ltr'><em>maxime</em></span> <span class='ocrx_word' id='word_1_178' title='bbox 709 2691 830 2763; x_wconf 80' lang='lat' dir='ltr'><em>inperio</em></span> <span class='ocrx_word' id='word_1_179' title='bbox 845 2690 971 2763; x_wconf 74' lang='lat' dir='ltr'><em>calidae,</em></span> <span class='ocrx_word' id='word_1_180' title='bbox 999 2706 1060 2750; x_wconf 85' lang='lat' dir='ltr'><em>non</em></span> <span class='ocrx_word' id='word_1_181' title='bbox 1074 2693 1106 2749; x_wconf 79' lang='lat' dir='ltr'><em>s‘e</em></span> <span class='ocrx_word' id='word_1_182' title='bbox 1120 2670 1197 2751; x_wconf 76' lang='lat' dir='ltr'><em>tarn</em></span> <span class='ocrx_word' id='word_1_183' title='bbox 1211 2708 1308 2765; x_wconf 78' lang='lat' dir='ltr'><em>aeque</em></span> <span class='ocrx_word' id='word_1_184' title='bbox 1322 2693 1401 2750; x_wconf 85' lang='lat' dir='ltr'><em>iner-</em></span> 
     </span>
     <span class='ocr_line' id='line_1_20' title="bbox 259 2785 1402 2870; baseline 0.002 -20"><span class='ocrx_word' id='word_1_185' title='bbox 259 2793 319 2850; x_wconf 85' lang='lat' dir='ltr'><em>tiae</em></span> <span class='ocrx_word' id='word_1_186' title='bbox 340 2785 627 2866; x_wconf 77' lang='lat' dir='ltr'><em>corrumpendam1⁴</em></span> <span class='ocrx_word' id='word_1_187' title='bbox 650 2792 748 2861; x_wconf 82' lang='lat' dir='ltr'><em>deait;</em></span> <span class='ocrx_word' id='word_1_188' title='bbox 780 2792 835 2851; x_wconf 81' lang='lat' dir='ltr'><em>seri</em></span> <span class='ocrx_word' id='word_1_189' title='bbox 855 2793 900 2851; x_wconf 88' lang='lat' dir='ltr'><em>ati</em></span> <span class='ocrx_word' id='word_1_190' title='bbox 919 2808 982 2851; x_wconf 84' lang='lat' dir='ltr'><em>mos</em></span> <span class='ocrx_word' id='word_1_191' title='bbox 1007 2794 1106 2867; x_wconf 79' lang='lat' dir='ltr'><em>pontis</em></span> <span class='ocrx_word' id='word_1_192' title='bbox 1134 2795 1214 2852; x_wconf 85' lang='lat' dir='ltr'><em>illius</em></span> <span class='ocrx_word' id='word_1_193' title='bbox 1235 2799 1295 2870; x_wconf 82' lang='lat' dir='ltr'><em>est,</em></span> <span class='ocrx_word' id='word_1_194' title='bbox 1321 2795 1402 2867; x_wconf 79' lang='lat' dir='ltr'><em>equi-</em></span> 
     </span>
     <span class='ocr_line' id='line_1_21' title="bbox 259 2894 1403 2969; baseline 0.002 -17"><span class='ocrx_word' id='word_1_195' title='bbox 259 2899 340 2960; x_wconf 86' lang='lat' dir='ltr'><em>tare,</em></span> <span class='ocrx_word' id='word_1_196' title='bbox 371 2894 516 2967; x_wconf 84' lang='lat' dir='ltr'><em>iaculari,</em></span> <span class='ocrx_word' id='word_1_197' title='bbox 555 2910 647 2953; x_wconf 85' lang='lat' dir='ltr'><em>cursa</em></span> <span class='ocrx_word' id='word_1_198' title='bbox 674 2910 742 2953; x_wconf 86' lang='lat' dir='ltr'><em>cam</em></span> <span class='ocrx_word' id='word_1_199' title='bbox 771 2894 949 2969; x_wconf 80' lang='lat' dir='ltr'><em>aequalitas</em></span> <span class='ocrx_word' id='word_1_200' title='bbox 976 2900 1113 2954; x_wconf 86' lang='lat' dir='ltr'><em>certare:</em></span> <span class='ocrx_word' id='word_1_201' title='bbox 1147 2902 1176 2953; x_wconf 89' lang='lat' dir='ltr'><em>et</em></span> <span class='ocrx_word' id='word_1_202' title='bbox 1208 2912 1275 2954; x_wconf 84' lang='lat' dir='ltr'><em>cam</em></span> <span class='ocrx_word' id='word_1_203' title='bbox 1309 2897 1403 2955; x_wconf 85' lang='lat' dir='ltr'><em>omnis</em></span> 
     </span>
    </p>
   </div>
   <div class='ocr_carea' id='block_1_5' title="bbox 257 2996 1448 3277">
    <p class='ocr_par' dir='ltr' id='par_1_5' title="bbox 257 2996 1448 3277">
     <span class='ocr_line' id='line_1_22' title="bbox 257 2996 1402 3075; baseline 0.004 -22"><span class='ocrx_word' id='word_1_204' title='bbox 257 2997 359 3071; x_wconf 83' lang='lat' dir='ltr'><em>picria</em></span> <span class='ocrx_word' id='word_1_205' title='bbox 387 2999 528 3071; x_wconf 85' lang='lat' dir='ltr'><em>anteiret,</em></span> <span class='ocrx_word' id='word_1_206' title='bbox 567 2996 699 3057; x_wconf 78' lang='lat' dir='ltr'><em>omnibns</em></span> <span class='ocrx_word' id='word_1_207' title='bbox 725 3003 825 3057; x_wconf 85' lang='lat' dir='ltr'><em>tamen</em></span> <span class='ocrx_word' id='word_1_208' title='bbox 853 3014 946 3058; x_wconf 84' lang='lat' dir='ltr'><em>carus</em></span> <span class='ocrx_word' id='word_1_209' title='bbox 977 3015 1047 3057; x_wconf 87' lang='lat' dir='ltr'><em>esse.</em></span> <span class='ocrx_word' id='word_1_210' title='bbox 1098 2998 1149 3056; x_wconf 80' lang='lat' dir='ltr'><em>Aa</em></span> <span class='ocrx_word' id='word_1_211' title='bbox 1173 2999 1231 3057; x_wconf 81' lang='lat' dir='ltr'><em>lroc</em></span> <span class='ocrx_word' id='word_1_212' title='bbox 1252 3000 1402 3075; x_wconf 80' lang='lat' dir='ltr'><em>pleraque</em></span> 
     </span>
     <span class='ocr_line' id='line_1_23' title="bbox 259 3098 1401 3175; baseline 0.002 -17"><span class='ocrx_word' id='word_1_213' title='bbox 259 3104 393 3174; x_wconf 87' lang='lat' dir='ltr'><em>tempora</em></span> <span class='ocrx_word' id='word_1_214' title='bbox 416 3103 447 3159; x_wconf 87' lang='lat' dir='ltr'><em>in</em></span> <span class='ocrx_word' id='word_1_215' title='bbox 470 3101 608 3159; x_wconf 78' lang='lat' dir='ltr'><em>cenando</em></span> <span class='ocrx_word' id='word_1_216' title='bbox 630 3115 730 3174; x_wconf 85' lang='lat' dir='ltr'><em>apere,</em></span> <span class='ocrx_word' id='word_1_217' title='bbox 754 3102 870 3160; x_wconf 85' lang='lat' dir='ltr'>leonem</span> <span class='ocrx_word' id='word_1_218' title='bbox 893 3107 984 3174; x_wconf 80' lang='lat' dir='ltr'><em>atque</em></span> <span class='ocrx_word' id='word_1_219' title='bbox 1005 3101 1083 3159; x_wconf 86' lang='lat' dir='ltr'><em>alias</em></span> <span class='ocrx_word' id='word_1_220' title='bbox 1100 3098 1191 3172; x_wconf 85' lang='lat' dir='ltr'><em>seras</em></span> <span class='ocrx_word' id='word_1_221' title='bbox 1209 3103 1327 3175; x_wconf 87' lang='lat' dir='ltr'><em>primas</em></span> <span class='ocrx_word' id='word_1_222' title='bbox 1347 3108 1401 3160; x_wconf 85' lang='lat' dir='ltr'><em>ant</em></span> 
     </span>
     <span class='ocr_line' id='line_1_24' title="bbox 258 3201 1448 3277; baseline 0.001 -17"><span class='ocrx_word' id='word_1_223' title='bbox 258 3203 290 3260; x_wconf 86' lang='lat' dir='ltr'><em>in</em></span> <span class='ocrx_word' id='word_1_224' title='bbox 307 3203 418 3277; x_wconf 81' lang='lat' dir='ltr'><em>primis</em></span> <span class='ocrx_word' id='word_1_225' title='bbox 435 3201 549 3272; x_wconf 85' lang='lat' dir='ltr'><em>ferire,</em></span> <span class='ocrx_word' id='word_1_226' title='bbox 573 3205 738 3277; x_wconf 85' lang='lat' dir='ltr'><em>plurimam</em></span> <span class='ocrx_word' id='word_1_227' title='bbox 764 3201 886 3276; x_wconf 83' lang='lat' dir='ltr'><em>lacere,</em></span> <span class='ocrx_word' id='word_1_228' title='bbox 916 3204 1070 3262; x_wconf 86' lang='lat' dir='ltr'><em>minimum</em></span> <span class='ocrx_word' id='word_1_229' title='bbox 1092 3204 1156 3277; x_wconf 83' lang='lat' dir='ltr'><em>ipse</em></span> <span class='ocrx_word' id='word_1_230' title='bbox 1184 3203 1221 3262; x_wconf 84' lang='lat' dir='ltr'><em>ac</em></span> <span class='ocrx_word' id='word_1_231' title='bbox 1249 3219 1281 3262; x_wconf 86' lang='lat' dir='ltr'><em>se</em></span> <span class='ocrx_word' id='word_1_232' title='bbox 1309 3204 1399 3276; x_wconf 83' lang='lat' dir='ltr'>loqui.</span> <span class='ocrx_word' id='word_1_233' title='bbox 1443 3228 1448 3240; x_wconf 65' lang='grc'><strong><em>«</em></strong></span> 
     </span>
    </p>
   </div>
   <div class='ocr_carea' id='block_1_6' title="bbox 259 3297 937 3362">
    <p class='ocr_par' dir='ltr' id='par_1_6' title="bbox 259 3297 937 3362">
     <span class='ocr_line' id='line_1_25' title="bbox 259 3297 937 3362; baseline 0.003 -2"><span class='ocrx_word' id='word_1_234' title='bbox 259 3297 311 3362; x_wconf 82' lang='lat' dir='ltr'><em>Nu</em></span> <span class='ocrx_word' id='word_1_235' title='bbox 334 3349 857 3362; x_wconf 88' lang='grc'><strong>.................</strong></span> <span class='ocrx_word' id='word_1_236' title='bbox 925 3326 937 3337; x_wconf 89' lang='lat'><em>·</em></span> 
     </span>
    </p>
   </div>
   <div class='ocr_carea' id='block_1_7' title="bbox 344 3517 883 3588">
    <p class='ocr_par' dir='ltr' id='par_1_7' title="bbox 344 3517 883 3588">
     <span class='ocr_line' id='line_1_26' title="bbox 344 3517 883 3588; baseline 0 -16"><span class='ocrx_word' id='word_1_237' title='bbox 344 3535 361 3572; x_wconf 77' lang='lat' dir='ltr'><em>a</em></span> <span class='ocrx_word' id='word_1_238' title='bbox 380 3522 412 3571; x_wconf 88' lang='lat' dir='ltr'><em>In</em></span> <span class='ocrx_word' id='word_1_239' title='bbox 430 3524 554 3588; x_wconf 80' lang='lat' dir='ltr'><em>marpirre:</em></span> <span class='ocrx_word' id='word_1_240' title='bbox 574 3517 646 3583; x_wconf 76' lang='lat' dir='ltr'>Quid</span> <span class='ocrx_word' id='word_1_241' title='bbox 664 3520 705 3573; x_wconf 86' lang='lat' dir='ltr'><em>est</em></span> <span class='ocrx_word' id='word_1_242' title='bbox 723 3521 883 3588; x_wconf 78' lang='lat' dir='ltr'><em>epanafora.</em></span> 
     </span>
    </p>
   </div>
   <div class='ocr_carea' id='block_1_8' title="bbox 327 3740 1248 4744">
    <p class='ocr_par' dir='ltr' id='par_1_8' title="bbox 343 3740 1222 3897">
     <span class='ocr_line' id='line_1_27' title="bbox 345 3740 1222 3812; baseline 0 -18"><span class='ocrx_word' id='word_1_243' title='bbox 345 3748 357 3794; x_wconf 90' lang='lat'>1</span> <span class='ocrx_word' id='word_1_244' title='bbox 376 3741 439 3795; x_wconf 90' lang='lat' dir='ltr'><em>Non</em></span> <span class='ocrx_word' id='word_1_245' title='bbox 457 3741 524 3795; x_wconf 83' lang='lat' dir='ltr'><em>sutis</em></span> <span class='ocrx_word' id='word_1_246' title='bbox 541 3740 667 3809; x_wconf 85' lang='lat' dir='ltr'>intelligo</span> <span class='ocrx_word' id='word_1_247' title='bbox 687 3759 735 3795; x_wconf 89' lang='lat' dir='ltr'><em>cur</em></span> <span class='ocrx_word' id='word_1_248' title='bbox 752 3740 842 3796; x_wconf 76' lang='lat' dir='ltr'><em>Maius</em></span> <span class='ocrx_word' id='word_1_249' title='bbox 859 3741 1000 3812; x_wconf 85' lang='lat' dir='ltr'><em>scripserit</em></span> <span class='ocrx_word' id='word_1_250' title='bbox 1017 3747 1222 3807; x_wconf 62' lang='lat' dir='ltr'><em>contentissima,</em></span> 
     </span>
     <span class='ocr_line' id='line_1_28' title="bbox 343 3826 795 3897; baseline -0.002 -17"><span class='ocrx_word' id='word_1_251' title='bbox 343 3833 358 3880; x_wconf 83' lang='lat'><strong>2</strong></span> <span class='ocrx_word' id='word_1_252' title='bbox 378 3826 482 3897; x_wconf 79' lang='lat' dir='ltr'><em>Supple</em></span> <span class='ocrx_word' id='word_1_253' title='bbox 503 3827 623 3893; x_wconf 78' lang='lat' dir='ltr'><em>quatuor</em></span> <span class='ocrx_word' id='word_1_254' title='bbox 640 3827 795 3880; x_wconf 88' lang='lat' dir='ltr'><em>versiculos.</em></span> 
     </span>
    </p>

    <p class='ocr_par' dir='ltr' id='par_1_9' title="bbox 343 3910 677 3981">
     <span class='ocr_line' id='line_1_29' title="bbox 343 3910 677 3981; baseline -0.003 -16"><span class='ocrx_word' id='word_1_255' title='bbox 343 3920 359 3965; x_wconf 87' lang='lat'><strong>3</strong></span> <span class='ocrx_word' id='word_1_256' title='bbox 378 3910 433 3965; x_wconf 83' lang='lat' dir='ltr'><em>Cic.</em></span> <span class='ocrx_word' id='word_1_257' title='bbox 452 3928 504 3981; x_wconf 89' lang='lat' dir='ltr'><em>pro</em></span> <span class='ocrx_word' id='word_1_258' title='bbox 523 3910 596 3965; x_wconf 84' lang='lat' dir='ltr'>Coel.</span> <span class='ocrx_word' id='word_1_259' title='bbox 617 3928 639 3964; x_wconf 85' lang='grc'><em>0,</em></span> <span class='ocrx_word' id='word_1_260' title='bbox 654 3917 677 3964; x_wconf 84' lang='grc'><em>6.</em></span> 
     </span>
    </p>

    <p class='ocr_par' dir='ltr' id='par_1_10' title="bbox 342 3996 742 4067">
     <span class='ocr_line' id='line_1_30' title="bbox 342 3996 742 4067; baseline 0 -18"><span class='ocrx_word' id='word_1_261' title='bbox 342 4002 359 4049; x_wconf 83' lang='grc'>4</span> <span class='ocrx_word' id='word_1_262' title='bbox 377 3996 480 4067; x_wconf 81' lang='lat' dir='ltr'><em>Supple</em></span> <span class='ocrx_word' id='word_1_263' title='bbox 500 3996 553 4049; x_wconf 78' lang='lat' dir='ltr'><em>cluo</em></span> <span class='ocrx_word' id='word_1_264' title='bbox 572 3998 630 4050; x_wconf 86' lang='lat' dir='ltr'><em>fere</em></span> <span class='ocrx_word' id='word_1_265' title='bbox 647 3997 742 4051; x_wconf 82' lang='lat' dir='ltr'>verbu.</span> 
     </span>
    </p>

    <p class='ocr_par' dir='ltr' id='par_1_11' title="bbox 343 4080 903 4149">
     <span class='ocr_line' id='line_1_31' title="bbox 343 4080 903 4149; baseline 0 -14"><span class='ocrx_word' id='word_1_266' title='bbox 343 4088 359 4135; x_wconf 84' lang='lat'>5</span> <span class='ocrx_word' id='word_1_267' title='bbox 376 4081 467 4136; x_wconf 76' lang='lat' dir='ltr'><em>Maius</em></span> <span class='ocrx_word' id='word_1_268' title='bbox 484 4081 566 4149; x_wconf 80' lang='lat' dir='ltr'><em>legit:</em></span> <span class='ocrx_word' id='word_1_269' title='bbox 585 4087 745 4148; x_wconf 83' lang='lat' dir='ltr'><em>inculpatum.</em></span> <span class='ocrx_word' id='word_1_270' title='bbox 782 4080 903 4136; x_wconf 80' lang='lat' dir='ltr'><em>Correxi.</em></span> 
     </span>
    </p>

    <p class='ocr_par' dir='ltr' id='par_1_12' title="bbox 342 4166 741 4236">
     <span class='ocr_line' id='line_1_32' title="bbox 342 4166 741 4236; baseline 0 -16"><span class='ocrx_word' id='word_1_271' title='bbox 342 4174 357 4220; x_wconf 85' lang='lat'><strong>6</strong></span> <span class='ocrx_word' id='word_1_272' title='bbox 377 4167 480 4236; x_wconf 83' lang='lat' dir='ltr'><em>Supple</em></span> <span class='ocrx_word' id='word_1_273' title='bbox 499 4166 553 4219; x_wconf 79' lang='lat' dir='ltr'><em>duo</em></span> <span class='ocrx_word' id='word_1_274' title='bbox 572 4167 630 4219; x_wconf 88' lang='lat' dir='ltr'><em>fere</em></span> <span class='ocrx_word' id='word_1_275' title='bbox 648 4167 741 4220; x_wconf 80' lang='lat' dir='ltr'><em>verba.</em></span> 
     </span>
    </p>

    <p class='ocr_par' dir='ltr' id='par_1_13' title="bbox 343 4250 725 4321">
     <span class='ocr_line' id='line_1_33' title="bbox 343 4250 725 4321; baseline 0 -16"><span class='ocrx_word' id='word_1_276' title='bbox 343 4258 358 4305; x_wconf 81' lang='lat'><strong>7</strong></span> <span class='ocrx_word' id='word_1_277' title='bbox 377 4251 481 4321; x_wconf 80' lang='lat' dir='ltr'><em>Supple</em></span> <span class='ocrx_word' id='word_1_278' title='bbox 500 4269 584 4304; x_wconf 88' lang='lat' dir='ltr'>unum</span> <span class='ocrx_word' id='word_1_279' title='bbox 601 4250 725 4305; x_wconf 88' lang='lat' dir='ltr'>verbum.</span> 
     </span>
    </p>

    <p class='ocr_par' dir='ltr' id='par_1_14' title="bbox 342 4336 742 4405">
     <span class='ocr_line' id='line_1_34' title="bbox 342 4336 742 4405; baseline 0 -15"><span class='ocrx_word' id='word_1_280' title='bbox 342 4342 358 4390; x_wconf 89' lang='lat'>8</span> <span class='ocrx_word' id='word_1_281' title='bbox 377 4337 481 4405; x_wconf 86' lang='lat' dir='ltr'><em>Supple</em></span> <span class='ocrx_word' id='word_1_282' title='bbox 500 4336 554 4388; x_wconf 90' lang='lat' dir='ltr'><em>duo</em></span> <span class='ocrx_word' id='word_1_283' title='bbox 572 4336 630 4391; x_wconf 87' lang='lat' dir='ltr'><em>fere</em></span> <span class='ocrx_word' id='word_1_284' title='bbox 648 4337 742 4390; x_wconf 80' lang='lat' dir='ltr'><em>verba.</em></span> 
     </span>
    </p>

    <p class='ocr_par' dir='ltr' id='par_1_15' title="bbox 342 4420 904 4490">
     <span class='ocr_line' id='line_1_35' title="bbox 342 4420 904 4490; baseline -0.005 -13"><span class='ocrx_word' id='word_1_285' title='bbox 342 4430 358 4477; x_wconf 83' lang='grc'><strong>9</strong></span> <span class='ocrx_word' id='word_1_286' title='bbox 377 4421 480 4490; x_wconf 83' lang='lat' dir='ltr'><em>Supplo</em></span> <span class='ocrx_word' id='word_1_287' title='bbox 498 4422 554 4474; x_wconf 87' lang='lat' dir='ltr'><em>tres</em></span> <span class='ocrx_word' id='word_1_288' title='bbox 574 4421 622 4474; x_wconf 79' lang='lat' dir='ltr'><em>aut</em></span> <span class='ocrx_word' id='word_1_289' title='bbox 640 4421 760 4488; x_wconf 81' lang='lat' dir='ltr'><em>quatuor</em></span> <span class='ocrx_word' id='word_1_290' title='bbox 776 4420 904 4476; x_wconf 57' lang='lat' dir='ltr'><em>litteras(</em></span> 
     </span>
    </p>

    <p class='ocr_par' dir='ltr' id='par_1_16' title="bbox 328 4499 1248 4660">
     <span class='ocr_line' id='line_1_36' title="bbox 328 4499 1248 4576; baseline -0.002 -15"><span class='ocrx_word' id='word_1_291' title='bbox 328 4515 358 4561; x_wconf 83' lang='lat' dir='ltr'><em>lo</em></span> <span class='ocrx_word' id='word_1_292' title='bbox 375 4506 511 4560; x_wconf 87' lang='lat' dir='ltr'>Videntur</span> <span class='ocrx_word' id='word_1_293' title='bbox 528 4505 608 4559; x_wconf 89' lang='lat' dir='ltr'><em>nobis</em></span> <span class='ocrx_word' id='word_1_294' title='bbox 625 4506 695 4559; x_wconf 80' lang='lat' dir='ltr'><em>haec</em></span> <span class='ocrx_word' id='word_1_295' title='bbox 711 4507 799 4560; x_wconf 82' lang='lat' dir='ltr'>verbu</span> <span class='ocrx_word' id='word_1_296' title='bbox 817 4525 851 4562; x_wconf 84' lang='lat' dir='ltr'><em>ex</em></span> <span class='ocrx_word' id='word_1_297' title='bbox 868 4506 961 4576; x_wconf 85' lang='lat' dir='ltr'>aliquo</span> <span class='ocrx_word' id='word_1_298' title='bbox 979 4507 1114 4576; x_wconf 82' lang='lat' dir='ltr'><em>scriptore</em></span> <span class='ocrx_word' id='word_1_299' title='bbox 1131 4499 1248 4560; x_wconf 68' lang='lat' dir='ltr'><em>laudini.</em></span> 
     </span>
     <span class='ocr_line' id='line_1_37' title="bbox 328 4590 725 4660; baseline 0 -17"><span class='ocrx_word' id='word_1_300' title='bbox 328 4598 356 4644; x_wconf 88' lang='lat'><em>11</em></span> <span class='ocrx_word' id='word_1_301' title='bbox 377 4590 481 4660; x_wconf 82' lang='lat' dir='ltr'><em>Supple</em></span> <span class='ocrx_word' id='word_1_302' title='bbox 499 4608 584 4643; x_wconf 92' lang='lat' dir='ltr'>unum</span> <span class='ocrx_word' id='word_1_303' title='bbox 601 4591 725 4644; x_wconf 87' lang='lat' dir='ltr'>verbum.</span> 
     </span>
    </p>

    <p class='ocr_par' dir='ltr' id='par_1_17' title="bbox 327 4675 871 4744">
     <span class='ocr_line' id='line_1_38' title="bbox 327 4675 871 4744; baseline 0.002 -16"><span class='ocrx_word' id='word_1_304' title='bbox 327 4682 358 4728; x_wconf 79' lang='lat'><em>12</em></span> <span class='ocrx_word' id='word_1_305' title='bbox 378 4675 480 4744; x_wconf 82' lang='lat' dir='ltr'><em>Supplc</em></span> <span class='ocrx_word' id='word_1_306' title='bbox 499 4675 621 4743; x_wconf 89' lang='lat' dir='ltr'>quinque</span> <span class='ocrx_word' id='word_1_307' title='bbox 639 4676 697 4730; x_wconf 89' lang='lat' dir='ltr'><em>fore</em></span> <span class='ocrx_word' id='word_1_308' title='bbox 714 4675 871 4730; x_wconf 86' lang='lat' dir='ltr'><em>versiculos.</em></span> 
     </span>
    </p>
   </div>
   <div class='ocr_carea' id='block_1_9' title="bbox 328 4759 815 4915">
    <p class='ocr_par' dir='ltr' id='par_1_18' title="bbox 328 4759 815 4915">
     <span class='ocr_line' id='line_1_39' title="bbox 328 4759 711 4829; baseline 0 -16"><span class='ocrx_word' id='word_1_309' title='bbox 328 4767 359 4814; x_wconf 89' lang='lat'><em>13</em></span> <span class='ocrx_word' id='word_1_310' title='bbox 378 4759 486 4813; x_wconf 75' lang='lat' dir='ltr'><em>Sallust.</em></span> <span class='ocrx_word' id='word_1_311' title='bbox 506 4761 631 4829; x_wconf 87' lang='lat' dir='ltr'>Iugurth.</span> <span class='ocrx_word' id='word_1_312' title='bbox 652 4778 673 4814; x_wconf 89' lang='grc'><em>0.</em></span> <span class='ocrx_word' id='word_1_313' title='bbox 688 4766 711 4813; x_wconf 86' lang='grc'><em>6.</em></span> 
     </span>
     <span class='ocr_line' id='line_1_40' title="bbox 328 4843 815 4915; baseline 0.006 -18"><span class='ocrx_word' id='word_1_314' title='bbox 328 4850 359 4898; x_wconf 88' lang='grc'><strong>14</strong></span> <span class='ocrx_word' id='word_1_315' title='bbox 379 4843 482 4899; x_wconf 79' lang='lat' dir='ltr'>Codex:</span> <span class='ocrx_word' id='word_1_316' title='bbox 501 4866 581 4915; x_wconf 83' lang='lat' dir='ltr'>neque</span> <span class='ocrx_word' id='word_1_317' title='bbox 599 4851 815 4914; x_wconf 84' lang='lat' dir='ltr'><em>corruruperrdum.</em></span> 
     </span>
    </p>
   </div>
   <div class='ocr_carea' id='block_1_10' title="bbox 0 0 1654 5950">
    <p class='ocr_par' dir='ltr' id='par_1_19' title="bbox 0 0 1654 5950">
     <span class='ocr_line' id='line_1_41' title="bbox 0 0 1654 5950; baseline 0 0"><span class='ocrx_word' id='word_1_318' title='bbox 0 0 1654 5950; x_wconf 95' lang='lat' dir='ltr'><em> </em></span> 
     </span>
    </p>
   </div>
  </div>
 </body>
</html>
