3300 5950
268 808 272 814 .
347 759 395 813 AD
413 759 541 814 VERUM
558 760 678 814 IMPER.
698 760 888 816 AURELIUM
905 761 1097 817 CAESAREM
1115 764 1223 818 LIBER
1240 765 1273 817 Il.
1323 767 1379 829 121

238 934 288 995 111
315 930 539 1014 respondist'¹.
585 931 714 996 Scilicet
741 932 802 997 hoc
828 935 903 996 tea
926 934 1167 998 centurionibus
1195 935 1245 999 vel
1273 936 1382 1019 primi-

237 1033 391 1116 pilaribus
424 1033 671 1117 elegantissimis
708 1035 951 1098 altercatoribus
991 1035 1162 1099 didicisse?
1216 1036 1382 1101 Dausara2

238 1138 270 1198 11
290 1134 525 1218 Nicephorum³
549 1139 581 1199 et
597 1136 754 1200 Artaxata
770 1137 869 1201 ductu
884 1137 1088 1221 auspicioque
1101 1141 1159 1202 tuo
1175 1140 1271 1202 armis
1288 1144 1382 1223 capta

238 1240 328 1301 sunt:
366 1238 421 1301 sed
456 1259 561 1302 arcem
589 1239 748 1302 munitam
775 1241 808 1301 et
836 1238 992 1302 invictam
1021 1243 1053 1303 11
1084 1240 1379 1324 inexpugnabilem,
1434 1289 1437 1296 .

237 1361 318 1423 quae
340 1338 375 1403 in
397 1339 508 1403 fratris
530 1340 578 1403 tui
593 1343 723 1423 pectore
739 1340 801 1403 sita
817 1343 877 1424 est,
902 1341 1075 1405 adnomen
1091 1341 1276 1406 Armeniaci
1298 1344 1381 1427 quod

237 1442 459 1505 recusaverat⁴
488 1442 692 1523 sumendum,
717 1443 787 1526 quis
811 1443 892 1506 alius
914 1464 1010 1526 quam
1031 1447 1077 1525 tu,
1102 1447 1158 1507 aut
1176 1445 1289 1527 quibus
1312 1445 1382 1508 aliis

236 1545 274 1606 tu
301 1565 396 1626 quam
424 1543 623 1627 eloquentiae
652 1544 760 1629 copiis
785 1545 915 1608 adortus
943 1544 1020 1608 es⁶?
1064 1544 1221 1610 Comitem
1253 1546 1313 1610 tibi
1343 1548 1382 1610 ad

237 1646 477 1728 impetrandum
505 1645 635 1725 adscisti
663 1646 853 1729 exercitum,
883 1647 938 1710 sed
965 1648 1148 1731 loquentem
1176 1649 1380 1733 1111111116,

238 1748 382 1811 oratione
410 1750 621 1831 pugnantem.
666 1748 706 1811 In
735 1769 773 1812 ea
795 1751 831 1811 tu
858 1750 949 1832 parte
971 1748 1153 1814 litterarum
1173 1753 1317 1834 tuarum,
1346 1754 1382 1814 ut

237 1849 372 1912 fratrem
395 1851 558 1912 amantem
580 1849 697 1932 decuit,
722 1850 891 1914 sententiis
913 1849 1018 1934 magis
1042 1852 1159 1916 crebris
1183 1856 1215 1915 et
1237 1853 1381 1916 dulcibus

239 1973 313 2014 usus
336 1972 386 2033 es,
411 1953 443 2013 et
464 1972 556 2014 versa
577 1951 795 2015 modulatione
819 1950 997 2016 collocasti:
1031 1974 1112 2036 quae
1135 1975 1207 2016 cum
1228 1953 1379 2037 legerem,

238 2053 273 2116 11
296 2056 410 2116 senatu
433 2053 519 2116 enim
540 2075 598 2135 per
619 2053 837 2117 valetudinem
859 2074 925 2116 non
947 2053 1038 2136 potui
1061 2055 1184 2138 adesse,
1221 2076 1292 2119 cum
1320 2055 1381 2118 111-

238 2156 370 2238 quentia
391 2158 448 2217 tua
468 2154 604 2219 fratrem
627 2157 718 2218 tuum
739 2155 848 2239 urgeri
870 2155 1022 2238 viderem,
1046 2156 1093 2220 ita
1116 2178 1188 2219 eum
1202 2156 1310 2220 tacitis
1332 2178 1381 2221 co·

238 2255 450 2340 gitationibus
472 2257 551 2319 meis
576 2255 821 2339 compellabam:
852 2255 934 2330 Quid
956 2256 1017 2320 hoe
1039 2257 1086 2320 111
1109 2260 1167 2340 est,
1191 2258 1381 2322 Antonine?

238 2381 315 2421 nam
336 2358 397 2421 tibi
419 2358 510 2421 video
532 2380 651 2422 nomen
679 2359 762 2441 quod
790 2380 996 2422 recusaveras
1025 2359 1286 2443 accillpicndum
1313 2382 1381 2423 esse

239 2463 271 2523 et
293 2460 350 2523 de8
373 2460 535 2537 sententia
564 2460 790 2524 decedendum.
837 2459 918 2536 Quid
947 2482 1035 2524 nunc
1058 2481 1157 2542 meae,
1181 2462 1257 2544 quid
1279 2461 1381 2544 philo-

240 2561 411 2645 sophorum
433 2560 562 2625 litterae
585 2561 711 2645 agunt?
754 2561 888 2625 Litteris
910 2561 1022 2625 militis
1043 2560 1212 2625 vincimur.
1257 2562 1381 2646 Ecquid

239 2667 346 2727 autem
368 2662 500 2745 pulchre
523 2663 686 2747 scripsisse
710 2663 858 2727 videtur?
898 2663 1058 2746 numquod
1086 2664 1218 2727 verbum
1233 2661 1381 2728 'insolens

239 2769 295 2829 aut
316 2764 602 2847 intempestivum?
630 2768 685 2828 aut
706 2787 785 2829 num
807 2786 867 2850 ego
889 2765 948 2828 tibi
973 2763 1082 2828 videor
1103 2765 1277 2848 gloriosum
1299 2767 1381 2829 mili-

239 2869 304 2930 tem
338 2865 502 2931 erudisse?
545 2866 645 2949 Quin,
681 2868 764 2951 quod
790 2865 874 2931 votis
902 2867 1049 2930 omnibus
1082 2866 1247 2950 expetisti,
1282 2867 1381 2932 habes

238 2970 372 3034 fratrem
394 2968 526 3051 fortem,
558 2968 662 3032 virum
683 2969 803 3033 bonum
826 2967 952 3032 dicendi
974 2968 1127 3052 peritum:
1162 2968 1273 3033 cadem
1296 2971 1381 3034 enim
1436 2985 1448 3012 ¹·

239 3071 336 3135 dicit9
358 3071 412 3134 ille
435 3092 515 3154 quac
537 3073 590 3153 tu,
614 3071 669 3134 sed
692 3093 730 3134 ea
751 3070 858 3133 minus
878 3070 987 3134 multis
1007 3070 1062 3134 ille
1077 3092 1173 3154 quam
1188 3073 1234 3133 tu.
1266 3070 1381 3145 Qum¹⁰

238 3173 376 3236 maxime
398 3172 478 3237 hacc
501 3194 561 3257 ego
582 3194 707 3236 mecum
730 3171 911 3256 agitabam,
942 3194 1018 3255 qum
1045 3172 1184 3236 orationi
1210 3179 1284 3237 tuae
1312 3196 1380 3237 suc-

240 3274 335 3338 cessit
357 3275 517 3338 Antonini
539 3275 657 3355 oratio,
682 3273 714 3337 di
736 3273 830 3337 boni!
854 3296 949 3357 quam
972 3273 1122 3357 pulchra!
1155 3296 1251 3358 quam
1273 3275 1378 3339 vera¹¹

239 3376 357 3464 multa!
399 3375 495 3459 plane
524 3377 611 3440 dicta
639 3375 746 3439 omnia
774 3378 806 3439 et
834 3376 932 3439 verba
960 3375 1127 3439 delenifica
1137 3376 1161 3416 1²
1168 3427 1176 3459 ‚
1206 3377 1327 3459 pietate
1349 3380 1382 3441 et

325 3723 337 3767 l
357 3715 422 3769 Veri
440 3714 549 3769 litteras
567 3715 602 3768 ad
619 3715 787 3768 Parthorum
805 3731 901 3784 regem
919 3717 1057 3770 memorat
1072 3714 1207 3769 Nazarius
1225 3733 1325 3785 paneg.
1346 3717 1382 3770 ad

240 3800 412 3856 Constantin.
433 3818 455 3854 1.
474 3806 515 3865 24,
533 3801 592 3852 turn
611 3798 696 3853 etiarn
713 3799 818 3853 Fronto
836 3798 866 3852 in
882 3798 1026 3869 principiis
1044 3798 1185 3854 historiae.
1222 3805 1316 3855 Maior.

325 3893 339 3938 2
359 3879 425 3938 Cod.
445 3902 487 3954 pr.
506 3902 542 3937 m.
564 3889 715 3938 Danaorum.

325 3969 426 4024 3Aliis
445 3974 632 4036 Nicephorium.
670 3974 763 4023 Maior.

324 4056 392 4108 411.
413 4053 559 4122 Capitolin.
582 4051 612 4105 in
630 4052 724 4107 Marco
743 4071 764 4106 c.
786 4060 808 4107 9.

325 4141 392 4193 ocf.
413 4137 561 4208 Capitolia.
584 4136 613 4190 in
631 4137 705 4192 Vero
724 4154 745 4190 1.
766 4143 789 4191 8.

324 4230 339 4276 6
358 4222 425 4277 Tria
442 4223 528 4277 verba
546 4223 621 4292 apud
638 4222 741 4276 Maium
760 4221 868 4275 desunt.
905 4221 937 4272 ln
959 4221 1138 4287 sequentibus
1150 4219 1298 4290 Haupbus
1318 4221 1384 4274 scri-

239 4309 292 4362 bit:
317 4320 342 4362 et
359 4310 446 4363 verba
462 4307 650 4362 modulatione,
667 4311 807 4361 collocasti.

325 4399 339 4445 7
358 4390 458 4460 incipit
476 4390 542 4445 Cod.
561 4390 625 4444 Vat.
645 4408 671 4458 p.
694 4397 732 4442 13.

326 4476 421 4530 8011.
440 4475 537 4528 Maius.

325 4568 340 4614 9
360 4559 424 4613 Cod.
443 4579 485 4630 pr.
505 4578 541 4615 m.
562 4566 637 4614 dicet.
669 4559 702 4612 cf.
721 4558 836 4612 Jordan.
856 4559 892 4612 acl
911 4558 1008 4612 Coton.
1028 4578 1054 4628 p.
1075 4566 1116 4614 80.

311 4652 341 4698 10
360 4644 403 4696 lta
421 4643 515 4697 Codex
531 4643 582 4697 bis.

312 4735 338 4781 11
359 4726 519 4780 11111111.
556 4729 641 4782 Recte
659 4727 810 4797 Hauptius:
835 4749 906 4796 quom
924 4745 990 4783 vero
1008 4736 1093 4786 multo.

310 4819 340 4865 12
361 4809 498 4866 11111.
518 4829 553 4866 m.
574 4818 687 4882 delefico,
706 4814 737 4869 ut
754 4811 872 4870 videtur.
