3300 5950
274 787 314 855 70
483 787 518 842 Μ.
534 786 704 844 CORNELII
720 785 928 842 FRONTONIS
946 786 1202 877 EPISTULAnUM

273 957 426 1023 redimus:
455 958 620 1043 paululum
647 959 754 1044 studui
784 960 879 1041 atque
905 959 956 1021 id¹
990 959 1146 1041 ineptum.
1191 959 1315 1024 Deinde
1345 983 1417 1025 cum
1498 954 1500 956 ¹

272 1061 448 1124 matercula
469 1082 540 1124 mea
563 1083 659 1145 supra
680 1064 786 1124 torum
814 1062 945 1124 sedente
972 1060 1108 1124 multum
1130 1062 1279 1145 garrivi&
1325 1061 1416 1126 Meus

273 1183 376 1225 sermo
398 1163 451 1226 hic
467 1165 550 1226 erat:
574 1162 650 1246 quid
665 1162 829 1226 existimas
844 1163 937 1226 modo
952 1184 1058 1225 meum
1072 1162 1268 1227 Frontonem
1287 1164 1417 1228 facere?

273 1264 355 1330 Tum
376 1264 447 1328 illa:
476 1264 552 1349 quid
581 1266 687 1327 autem
715 1267 751 1327 tu
773 1265 895 1329 meam²
919 1263 1089 1328 Gratiam?
1131 1264 1214 1327 Tum
1237 1287 1311 1349 ego:
1340 1267 1416 1350 quid

274 1366 399 1429 611161113
432 1366 631 1449 paserculam
653 1370 796 1430 nostram
819 1366 965 1431 Gratiam
992 1366 1228 1430 minusculam?
1272 1368 1357 1431 Dum
1379 1391 1417 1431 ea

272 1468 453 1533 fabulamur
484 1470 579 1551 atque
613 1468 804 1532 altercamur
816 1519 824 1550 ,
863 1471 935 1531 uter
969 1468 1104 1531 alterum
1137 1472 1279 1533 vestrum
1312 1471 1416 1554 magis

273 1573 405 1652 amaret,
436 1570 540 1636 discus
569 1571 702 1653 crepuit,
726 1570 759 1633 id
782 1572 830 1633 est
851 1573 944 1653 pater
965 1591 1054 1633 meus
1075 1570 1111 1633 in
1133 1570 1284 1634 balneum
1311 1574 1415 1634 trans-

272 1672 335 1736 isse
362 1670 530 1734 nuntiatus
560 1674 618 1735 est.
663 1671 735 1735 Loti
758 1671 859 1755 igitur
886 1673 920 1735 in
943 1672 1096 1735 torculari
1120 1673 1318 1755 cenavimus3
1350 1695 1416 1737 non

271 1772 330 1835 loti
352 1773 386 1836 in
408 1772 576 1855 torculari,
607 1773 662 1837 sed
689 1773 747 1836 loti
777 1773 975 1855 cenavimus3
1004 1777 1036 1836 et
1062 1774 1198 1837 rusticos
1228 1774 1415 1837 cavillantes

274 1874 450 1939 audivimus
472 1874 620 1938 libenter.
664 1874 744 1937 Inde
772 1895 928 1957 reversus,
956 1876 1143 1958 priusquam
1170 1875 1241 1938 me⁴
1269 1877 1303 1938 in
1330 1875 1415 1939 latus

274 1980 423 2041 converto
445 1980 482 2040 ut
504 1979 647 2058 stertam,
674 1998 780 2039 meum
801 1998 937 2059 pensum
960 1977 1084 2060 explico
1109 1979 1148 2040 et
1169 1978 1232 2041 diei
1254 1979 1413 2041 rationem

271 2100 342 2142 meo
364 2079 551 2144 suavissimo
572 2078 728 2163 magistro
750 2078 857 2161 reddo,
887 2100 981 2162 quem
1009 2079 1037 2142 si
1063 2091 1190 2162 possem
1209 2080 1313 2163 magis
1335 2080 1415 2143 desi-

272 2181 393 2262 derare,
418 2180 556 2244 libenter
577 2179 759 2265 plusculum
780 2202 969 2244 macerarer.
1014 2180 1147 2244 Valebis
1174 2180 1253 2243 mihi
1282 2180 1413 2263 Fronto,

272 2281 383 2346 ubiubi
407 2304 450 2365 66,
475 2282 696 2365 mellitissime,
720 2304 809 2347 meus
833 2304 931 2365 amor,
955 2304 1026 2345 mea
1048 2281 1205 2365 voluptas.
1232 2280 1316 2358 Quid
1335 2278 1415 2346 mihi

271 2386 378 2449 tecum
401 2382 473 2449 est?
496 2405 566 2448 amc
589 2385 764 2474 absentem.
988 2382 990 2385 ’

450 2587 533 2663 VII.
566 2587 666 2653 Habe
688 2588 779 2653 mihi
801 2589 979 2671 Magister
995 2587 1229 2654 llulcissimc!

357 2714 500 2789 Tandem
532 2724 718 2788 tabellarius
751 2708 979 2808 proficiscitur,
1020 2727 1052 2788 et
1090 2746 1150 2807 ego
1186 2724 1285 2788 tridui
1302 2724 1326 2808 15
1343 2728 1416 2788 aeta

272 2849 343 2891 mea
370 2828 410 2891 ad
442 2830 475 2890 te
503 2826 634 2918 tandem
660 2848 792 2910 possum
818 2827 987 2890 dimittere.
1032 2824 1101 2889 Nec
1129 2825 1298 2909 quicquam
1329 2825 1415 2909 dic03

272 2931 319 2993 ita
352 2928 496 3023 epistulis
537 2950 635 3014 prope
670 2928 730 2992 ad6
766 2928 859 2994 XXX
896 2928 1054 2993 dictandis
1087 2926 1236 3010 spiritum
1268 2928 1413 2992 insumsi.

273 3032 357 3096 Nam
379 3030 462 3114 quod
485 3031 627 3115 proxime
654 3031 716 3094 tibi
742 3031 780 3095 de
808 3031 954 3114 epistulis
981 3030 1162 3114 placuerat,
1191 3031 1334 3094 nondum
1357 3031 1414 3093 ad⁷

272 3136 398 3217 patrem
419 3154 524 3195 meum
552 3132 680 3215 pertuli.
727 3132 789 3196 Sed
817 3155 899 3214 cum,
930 3133 977 3195 dis
1004 3130 1200 3212 iuvantibus
1236 3132 1276 3194 ad
1303 3132 1415 3195 urbem

273 3235 446 3316 veniemus,
471 3234 604 3297 admone
626 3256 676 3297 me
700 3237 735 3296 ut
756 3234 816 3297 tibi
840 3234 960 3317 aliquid
983 3235 1021 3297 de
1043 3233 1105 3296 hac
1127 3255 1161 3296 re
1184 3255 1322 3297 narrem.
1353 3233 1415 3297 Sed

274 3358 353 3420 quae
375 3339 432 3398 tua
454 3338 486 3398 et
508 3358 579 3398 mea
600 3335 772 3399 metecria8
796 3338 854 3417 est,
878 3357 981 3419 neque
1003 3337 1039 3397 tu
1062 3357 1112 3398 me
1135 3334 1331 3417 admonebis,
1359 3357 1414 3397 ne·
1514 3352 1515 3355 ’

274 3460 334 3520 qne
357 3459 416 3522 ego
438 3436 497 3499 tibi
519 3437 672 3519 narrate,
703 3439 798 3520 atque
829 3435 915 3500 enim
942 3458 1052 3500 revera
1080 3458 1159 3519 cpus
1179 3436 1332 3499 consulto
1355 3438 1412 3498 661.

274 3538 364 3621 Vale,
388 3560 494 3600 mermi
515 3577 557 3586 -
579 3539 654 3622 quid
680 3539 800 3620 dicam,
832 3537 985 3621 quidquid
1012 3538 1115 3601 dicere
1143 3537 1221 3600 satis
1248 3559 1314 3600 non
1342 3537 1415 3600 est?

274 3641 406 3704 -vale
428 3663 534 3705 meum
556 3641 756 3724 desiderium,
780 3641 851 3703 mea
875 3637 951 3726 [lnx,
974 3638 1056 3727 mea]
1082 3639 1259 3722 voluptas.⁹

360 3862 378 3898 a
396 3849 428 3896 In
445 3850 570 3912 marytre:
590 3843 659 3898 Cum
675 3844 838 3900 matercella
855 3861 918 3899 mea
936 3843 1053 3897 multum
1070 3843 1183 3910 garravi
1201 3843 1266 3909 (sie).

277 3985 476 3995 ,νη-...ωη-

360 4073 372 4118 1
393 4064 458 4118 Ood.
478 4084 519 4134 pr.
538 4083 574 4117 m.
593 4071 636 4118 ad.

509 4150 569 4190 ΤΗΝ

360 4209 375 4254 2
395 4200 499 4253 Codex:
519 4201 603 4253 End.
665 4234 667 4238 v

516 4284 571 4325 AUT

359 4345 375 4390 3
394 4336 498 4394 Codex:
517 4337 577 4389 Ed).

358 4427 375 4477 4
392 4420 463 4477 Add.
484 4438 537 4474 sec.
556 4439 592 4473 m.

360 4512 375 4559 5
393 4505 493 4574 Incipit
511 4505 576 4560 Cod.
595 4506 660 4560 vat.
678 4525 705 4576 p.
721 4512 776 4560 184.

360 4598 379 4644 64
393 4590 464 4643 Add.
483 4608 536 4644 sec.
555 4609 590 4644 m.

360 4682 375 4730 7
393 4675 464 4728 Add.
482 4692 535 4729 sec.
554 4695 590 4730 m.

360 4767 376 4812 8
393 4760 454 4812 Vox
471 4759 592 4828 repetita
608 4761 637 4813 in
655 4761 788 4830 margine.

360 4852 375 4902 9
394 4845 533 4920 Scriptum
550 4861 602 4898 sec.
622 4863 657 4903 111.
762 4894 766 4900 .
