3300 5950
284 805 344 868 196
486 806 522 857 Μ.
543 802 712 855 CORNELII
729 801 937 856 FRONTONIS
955 801 1210 857 EPISTULARUM

281 996 340 1037 nas
364 976 447 1037 artes
475 995 593 1057 magno
621 996 715 1058 opere
743 976 850 1038 studet
872 975 1022 1059 adipisci,
1051 996 1130 1058 quas
1158 974 1292 1056 adeptus
1319 996 1421 1038 neone

281 1076 334 1157 sit,
358 1097 423 1139 non
446 1076 553 1138 studet
581 1076 679 1139 seire¹
706 1125 945 1140 ........
954 1089 966 1116 ³
994 1076 1031 1139 de
1054 1076 1216 1139 sententia
1245 1126 1251 1138 .
1279 1126 1284 1138 .
1315 1098 1421 1140 cumu-

280 1176 347 1239 lare
371 1226 378 1239 .
405 1226 411 1240 .
437 1177 567 1240 verbum
590 1178 673 1260 quod
695 1178 730 1240 in
753 1178 915 1241 sententia
939 1228 946 1240 .
973 1228 980 1240 .
1005 1178 1094 1241 curia
1118 1228 1125 1240 .
1152 1227 1158 1239 .
1182 1198 1265 1260 qur.
1292 1228 1299 1239 .
1323 1178 1421 1240 miror

283 1328 289 1340 .
316 1328 322 1341 .
347 1278 506 1362 principio
531 1328 537 1341 .
564 1328 570 1341 .
595 1280 645 1342 sin
668 1279 836 1362 repudium
858 1280 933 1342 dare
962 1281 994 1342 et
1022 1278 1151 1343 Gneus²
1173 1278 1280 1342 orbari
1307 1280 1419 1362 possit,

280 1379 313 1442 id
336 1380 456 1442 dubito.
493 1380 640 1463 Namque
661 1380 694 1443 id
717 1381 800 1462 quod
821 1379 956 1465 longum
977 1382 1029 1463 sit,
1052 1402 1145 1464 posse
1167 1380 1329 1443 interdum
1351 1380 1420 1443 fieri

280 1480 418 1565 longius,
443 1480 543 1544 altum
566 1480 677 1564 altius,
701 1504 907 1545 numerosum
929 1484 1143 1546 numerosius:
1181 1480 1262 1545 haec
1285 1483 1317 1544 et
1339 1481 1419 1544 eius-

280 1583 365 1645 modi
398 1582 495 1645 verba
528 1582 618 1645 rideo
652 1577 819 1647 admittere
855 1583 979 1667 aliquod
1015 1584 1153 1667 augendi
1185 1582 1418 1646 laxamentum:

280 1683 375 1767 pleno
398 1685 505 1746 autem
526 1683 652 1766 plenius
675 1683 756 1747 nihil
773 1685 843 1747 fieri
865 1706 967 1768 posse.
998 1684 1083 1749 Nam
1105 1683 1254 1767 poculum
1276 1684 1419 1767 profecto

281 1786 307 1848 si
329 1784 461 1868 plenum
484 1788 541 1867 sit,
569 1785 702 1869 [magis
726 1785 868 1869 conpleri
890 1785 1011 1849 frustra
1032 1784 1190 1868 postules,
1217 1786 1280 1848 nisi
1303 1785 1418 1848 effude-

279 1886 345 1949 risb
371 1937 377 1949 .
403 1937 415 1981 ,Ι
437 1936 708 1949 .........
754 1886 926 1951 Enimvero
958 1887 1073 1969 qu0m⁴
1099 1886 1246 1950 omnibus
1280 1887 1419 1971 negotiis

281 1984 413 2075 [aptata
440 1988 507 2051 sint
534 1990 679 2072 tempora
704 2038 709 2051 .
736 2038 742 2050 .
772 1991 898 2073 tempus
922 1987 1057 2051 alterum
1082 2038 1088 2051 .
1115 2038 1122 2051 .
1147 1988 1353 2052 coniunctum
1375 1987 1418 2050 al-

279 2091 399 2172 terum,
435 2098 561 2173 reputes
590 2111 662 2153 curn
690 2090 796 2153 animo
823 2093 879 2153 tuo
908 2112 950 2153 an
971 2090 1035 2153 ista
1058 2110 1153 2153 causa
1175 2091 1302 2172 tempus
1325 2110 1418 2173 argu-

278 2192 381 2257 menti
401 2191 557 2274 probandi
582 2192 718 2255 careat⁵.
749 2191 935 2275 Antequam
957 2191 1135 2255 decurio..
1159 2211 1240 2274 per.
1267 2190 1295 2252 .⁶
1318 2189 1418 2253 creari

279 2290 404 2373 debuit,
429 2294 554 2354 creatus
570 2295 633 2374 est3
656 2292 710 2355 ubi
727 2296 851 2357 oreatus
867 2295 925 2374 est,
949 2313 1102 2375 usurpare
1124 2291 1278 2355 honorem
1293 2290 1418 2372 debuit3

278 2391 487 2454 multifariam
508 2393 683 2476 usurpavit.

363 2491 537 2576 Postquam
552 2495 727 2576 usurpavit,
743 2495 952 2578 pensionibus
972 2494 1091 2557 inferre
1106 2493 1277 2577 pecuniam
1293 2492 1417 2574 debuit3

279 2597 391 2678 quater
413 2593 532 2657 intulit.
578 2593 690 2658 Munia
712 2595 937 2660 decurionatus
955 2645 1094 2659 .....
1104 2595 1116 2632 ⁷
1139 2598 1171 2658 et
1194 2597 1301 2658 esset.
1321 2644 1327 2657 .
1350 2595 1417 2676 qui-

279 2696 375 2758 dem.
395 2744 401 2758 .
425 2694 550 2758 labrum
573 2718 643 2759 sum
660 2746 692 2759 ..
718 2700 750 2761 et
771 2699 865 2760 tanta
886 2697 1035 2761 redentas
1056 2717 1170 2779 parum
1192 2695 1312 2778 valent,
1329 2695 1416 2778 quid·

279 2796 355 2879 quid
370 2795 433 2859 huc
450 2795 592 2859 additum
606 2797 722 2881 fuerit,
734 2798 856 2861 frustra
878 2797 1080 2861 abundavitss.
1111 2796 1196 2861 Nam
1211 2796 1266 2859 ubi
1281 2818 1362 2878 quae
1377 2796 1417 2858 ad

277 2896 373 2960 fidem
395 2899 445 2961 sat
468 2918 535 2960 esse
558 2901 693 2983 oportet,
717 2900 795 2963 satis
815 2899 913 2962 iudici
928 2920 994 2962 non
1016 2900 1103 2982 sunt,
1126 2897 1234 2961 nullus
1255 2898 1329 2961 finis
1352 2919 1416 2961 am-

278 2999 456 3083 biguitatis.
503 3001 548 3064 Ut
569 3003 690 3064 rectam
712 3001 866 3086 ingressis
889 3001 974 3064 viam
997 3003 1102 3064 certus
1124 2999 1249 3064 itineris
1272 3003 1321 3063 est
1342 2999 1416 3062 finis

279 3121 316 3164 ac
337 3101 464 3183 moduS‚
489 3102 670 3165 errantibus
692 3105 799 3166 autem
820 3124 993 3187 peragrare
1010 3101 1137 3166 facilius
1160 3103 1209 3164 est
1230 3123 1326 3184 quam
1345 3123 1415 3184 per-

277 3202 403 3265 venire⁶
429 3252 435 3264 .
462 3252 468 3263 .
498 3204 637 3266 minores
667 3204 710 3266 sis
741 3254 880 3266 .....
891 3203 915 3288 19
958 3202 1055 3267 Nunc
1084 3205 1140 3266 aut
1169 3252 1175 3265 .
1202 3252 1209 3265 .
1238 3202 1319 3266 alter
1346 3205 1415 3266 ten-

277 3306 349 3367 tent
379 3353 384 3365 .
412 3354 417 3366 .
447 3306 602 3385 quantum
630 3307 693 3386 est,
729 3305 793 3368 nisi
821 3304 905 3387 quod
932 3307 1008 3367 sunt
1032 3353 1038 3366 .
1062 3303 1291 3386 Leuissimum,
1327 3325 1415 3366 man-

363 3557 380 3594 a
397 3545 431 3593 In
448 3547 560 3608 morpiue
578 3546 683 3594 alteriue
700 3547 826 3595 columnae
844 3561 915 3609 sup:
945 3540 1080 3594 Donicum
1096 3554 1148 3609 pro
1167 3540 1261 3593 donee.

361 3625 379 3677 b
401 3629 432 3677 In
454 3631 567 3692 marytre
589 3631 632 3678 alt.
657 3631 703 3681 col.
727 3645 797 3692 cup:
829 3624 898 3679 Sunt
919 3625 1007 3678 verba
1025 3625 1072 3692 (1111
1090 3625 1164 3691 Cod.)
1186 3623 1319 3691 pleraque
1343 3641 1414 3691 quae

277 3708 428 3762 admittunt
445 3725 469 3761 a.
490 3724 513 3760 a.
533 3708 549 3760 l.
570 3737 602 3746 -
620 3724 710 3775 posse.
747 3708 819 3762 Nam
838 3710 867 3762 et
883 3709 1013 3777 poculum
1031 3708 1105 3761 si-
1123 3707 1259 3761 effuderis.

361 3796 426 3844 cIn
444 3796 567 3859 carpine:
585 3791 658 3845 Nam
675 3791 723 3844 ubi
741 3808 812 3858 quae
831 3791 867 3844 ad
885 3792 902 3845 f.
922 3825 955 3832 -
971 3791 1127 3861 pervenire.

362 4000 375 4047 1
394 3994 416 4047 E
434 3994 561 4062 margine
578 3993 715 4049 inferiore.

361 4076 452 4132 2Ser.
473 4084 566 4147 91111111.
597 4081 771 4133 Buttmonnur.

361 4170 376 4216 3
395 4161 524 4230 Sequitur
543 4161 609 4216 Cod.
628 4181 655 4232 p.
676 4168 734 4229 302,
752 4165 877 4218 obscura.

359 4254 375 4300 4
392 4246 481 4300 Maius
498 4247 607 4316 legerat
624 4266 702 4314 quern.

359 4337 375 4386 5
393 4330 510 4400 Supplet
526 4330 715 4385 Heindorlius:
735 4335 869 4386 Enimvero
882 4337 992 4401 quarnvir
1004 4337 1116 4386 omnibus
1133 4339 1241 4402 nepotis
1258 4345 1345 4387 artato
1362 4341 1412 4388 sint

275 4427 401 4483 ternpore,
425 4432 487 4468 cum
505 4413 620 4468 alterius
644 4426 739 4485 tempus
756 4416 853 4470 trudat
874 4423 994 4470 alteram:
1022 4416 1090 4469 illud
1107 4418 1202 4471 tamen
1220 4429 1324 4486 reputes
1342 4425 1412 4472 velim

275 4520 326 4552 cuns
344 4506 426 4553 animo
445 4511 494 4560 tuo,
513 4521 547 4553 an
563 4499 592 4552 in
610 4505 661 4552 ista
678 4519 756 4554 causo
773 4510 871 4569 tempus
887 4506 1028 4570 orpumenti
1044 4505 1172 4568 probandi
1189 4519 1292 4556 careas.

358 4589 373 4635 6
391 4583 566 4638 Heindorfius
584 4584 695 4653 supplet
714 4591 815 4638 curiam.

358 4673 373 4720 7
391 4667 491 4736 Incipit
509 4669 638 4723 columna
655 4669 751 4723 altera.

358 4756 374 4803 8
391 4751 497 4820 Nempe
515 4770 567 4821 pro
586 4756 732 4808 abundabit.

357 4841 371 4888 9
391 4834 521 4903 Sequitur
540 4835 604 4889 Cod.
619 4854 646 4904 p.
658 4842 715 4902 301,
733 4837 761 4888 in
780 4853 836 4905 qua
852 4838 1018 4906 paucissima
1036 4838 1119 4892 hodie
1135 4841 1253 4907 possunt
1271 4840 1411 4909 distingui.
