3300 5950
605 797 653 850 DE
671 797 786 851 BELLO
805 798 995 852 PARTHICO.
1305 804 1367 867 221

228 969 300 1049 post
324 965 486 1050 Carthago
510 970 604 1049 capta
626 970 690 1031 est:
713 968 776 1030 illis
798 968 854 1051 qui
876 968 988 1031 anulos
1006 968 1212 1033 detraxerant
1235 975 1368 1035 catenae

228 1067 349 1130 inditae
372 1068 495 1130 sunt¹².
540 1067 580 1130 In
602 1090 639 1131 ea
660 1090 771 1153 pugna
794 1068 901 1152 Scipio
923 1073 1078 1152 quantum
1099 1070 1264 1134 hominum
1290 1072 1367 1136 Poe-

169 1216 171 1220 .
227 1189 341 1232 norum
363 1169 577 1252 Afrorumque
606 1170 701 1253 cepit,
725 1174 781 1233 aut
803 1171 930 1254 oceidit,
961 1174 1017 1233 aut
1044 1172 1078 1233 in
1101 1172 1294 1237 deditionem
1317 1196 1367 1237 ae·

229 1270 322 1352 cepit,
347 1270 374 1331 si
397 1292 504 1333 eorum
532 1270 660 1354 linguas
686 1272 821 1336 resecari
850 1271 1048 1354 imperasset,
1077 1295 1192 1336 navem
1219 1277 1367 1338 onustam

226 1370 347 1455 linguis
368 1370 508 1434 hostiurn
530 1370 665 1435 Romam
688 1372 872 1456 inegisset2.

311 1473 400 1548 Quod
428 1476 460 1536 te
488 1474 541 1536 vix
572 1474 781 1558 quicl³quam
814 1474 876 1538 nisi
910 1475 1029 1557 raptim
1062 1477 1095 1539 et
1121 1476 1234 1539 furtim
1261 1477 1366 1560 legere

227 1596 317 1656 posse
340 1596 416 1657 prae
440 1575 523 1638 euris
546 1576 956 1658 praesentibusseribsisti:
980 1576 1231 1640 sacmeminen's
1247 1581 1367 1639 etcum

227 1676 334 1739 animo
355 1679 411 1739 tuo
435 1677 566 1760 cogites,
591 1676 630 1752 G.
648 1675 817 1742 Caesarem
840 1677 1038 1741 atrocissimo
1054 1678 1137 1750 bello
1154 1676 1278 1741 Gallico
1295 1700 1366 1740 curn

228 1778 291 1839 alia
322 1778 424 1841 multa
457 1778 626 1860 militaria,
662 1781 731 1841 turn
761 1780 859 1842 etiam
892 1778 970 1841 duos
1006 1778 1044 1841 de
1079 1777 1241 1861 Analogia
1269 1778 1366 1842 libros

227 1878 518 1961 scrupulosissimus
533 1879 735 1962 scripsissel‘:
758 1880 844 1943 inter
857 1878 923 1943 tela
945 1879 1105 1942 volantia⁴
1121 1880 1159 1942 de
1182 1880 1366 1942 nominibus

227 1978 440 2061 declinandis,
474 1980 512 2043 de
542 1980 710 2044 verborum
739 1980 988 2063 aspirationibus
1016 1982 1048 2042 et
1075 1979 1253 2042 rationibus
1281 1980 1366 2043 inter

227 2082 360 2144 classica
383 2083 415 2143 et
436 2082 540 2145 tubae.

311 2181 376 2256 Qur
391 2183 492 2266 igitur
505 2185 552 2267 tu,
576 2182 695 2265 Marce,
719 2205 783 2246 non
799 2183 922 2246 minore
943 2182 1076 2266 ingenio
1091 2181 1253 2265 praeditus
1269 2202 1364 2264 quarn

227 2284 266 2347 (1.
291 2283 424 2365 Caesar,
441 2305 501 2346 nee
515 2284 622 2348 minus
637 2284 746 2347 ordine
761 2284 900 2366 insignis
909 2284 931 2365 ⁵,
955 2305 1015 2347 nec
1037 2282 1239 2366 paucioribus
1262 2304 1364 2345 exem-

226 2386 287 2468 plis
311 2388 367 2448 aut
388 2385 587 2448 documentis
615 2385 829 2448 familiaribus
856 2385 1050 2465 instructus,
1079 2405 1145 2447 non
1172 2384 1283 2448 vincas
1311 2406 1365 2446 ne-

226 2488 315 2570 gotia
338 2489 371 2550 et
391 2487 536 2550 invenias
559 2486 687 2549 tibimet
707 2489 852 2569 tempora
880 2507 946 2548 non
968 2486 1060 2549 modo
1089 2485 1129 2547 ad
1151 2486 1310 2548 orationes
1324 2488 1365 2547 *et

226 2591 373 2669 poemata
402 2590 434 2650 et
461 2587 611 2673 historias
630 2590 672 2650 'et
698 2590 871 2670 praecepta
898 2586 1092 2669 sapientium
1119 2581 1272 2670 legenda,
1309 2585 1363 2648 sed

226 2689 323 2751 etiam
345 2688 557 2772 syllogismos,
581 2688 608 2751 si
629 2689 753 2771 perpeti
776 2692 877 2772 poteo,
901 2687 1126 2751 resolvendos?

310 2788 414 2872 Nunc,
439 2793 475 2852 ut
497 2791 674 2853 orationem
689 2791 785 2852 istam
800 2788 867 2852 Μ.6
882 2788 978 2870 Tulli,
1002 2811 1095 2871 quam
1113 2789 1171 2851 tibi
1195 2788 1364 2871 legendam
1455 2834 1458 2840 ,

225 2892 307 2975 misi,
331 2892 441 2976 paucis
465 2891 698 2954 commendem:
721 2890 800 2953 mihi
822 2890 966 2973 profecto
981 2890 1027 2952 ita
1042 2889 1178 2971 videtur,
1202 2892 1364 2952 neminem

225 3015 375 3077 uniquam
403 3014 506 3076 neque
531 2991 678 3055 Romana
701 3014 804 3075 neque
833 2991 1027 3054 Graecorum
1056 2991 1167 3073 lingua
1193 2990 1364 3054 facundius

225 3095 259 3157 in
283 3094 453 3157 concione⁷
482 3092 592 3177 populi
618 3093 799 3174 laudatum,
830 3113 925 3174 quam
954 3090 1013 3154 On.
1042 3090 1211 3173 Pompeius
1239 3093 1273 3154 in
1301 3091 1364 3153 ista

309 3387 376 3435 alu
397 3387 520 3450 acceptae:
554 3380 636 3434 Victa
658 3379 827 3449 Carthagine
850 3380 898 3445 qui
920 3379 1017 3432 anulos
1036 3379 1228 3444 detraxerant,
1250 3380 1363 3431 catenas

226 3481 308 3518 aeeei
326 3467 398 3519 runt.

290 3483 327 3602 lli
345 3554 379 3603 In
396 3556 519 3619 margine:
544 3548 627 3603 Gaius
646 3548 748 3602 Caesar
766 3548 834 3601 duos
853 3547 887 3599 de
906 3546 1043 3614 Analogia
1059 3546 1145 3599 libros
1162 3546 1236 3599 bello
1256 3546 1362 3598 Gallico

226 3633 453 3702 occupatissimus
471 3633 587 3703 scripsit.

251 3794 255 3798 -
278 3793 427 3803 ·-—-

311 3914 324 3960 1
343 3907 447 3961 Codex:
466 3912 525 3965 sint.

309 3997 324 4044 2
342 3991 385 4043 An
403 3995 526 4044 misisset?
561 3992 720 4043 Niebuhrius.

309 4082 324 4129 3
343 4073 443 4142 Incipit
460 4071 526 4126 Cod.
544 4089 571 4140 p.
590 4079 649 4125 216.
684 4071 755 4125 Hine
777 4073 858 4140 patet
879 4070 1026 4139 epistolam
1047 4070 1180 4123 Antonini
1201 4071 1270 4138 Imp.
1292 4070 1323 4122 ll.
1347 4076 1378 4122 l'

225 4158 357 4227 scriptam
376 4174 435 4212 esse
453 4159 518 4211 ante
536 4156 681 4210 victoriam
698 4155 866 4209 Parthicam.
902 4159 995 4208 Maius.

308 4249 325 4296 4
342 4242 412 4295 Illud
430 4250 481 4296 tela
498 4246 608 4295 volantia
630 4239 733 4294 Fronto
758 4256 773 4292 e
792 4236 896 4292 Catone
914 4239 1013 4303 habet,
1037 4254 1119 4304 quem
1137 4237 1200 4290 vide
1219 4254 1262 4305 ap.
1301 4236 1362 4289 Ser-

224 4328 299 4381 vium
331 4327 367 4380 ad
387 4325 464 4395 Virg.
488 4328 555 4380 Aen.
585 4324 658 4377 vm.
685 4331 742 4378 694.
781 4324 843 4377 Non
873 4323 945 4391 fugit
971 4323 1023 4375 hoe
1049 4321 1221 4389 diligentiam
1251 4321 1362 4373 lerdani

224 4431 251 4481 p.
265 4418 305 4465 86.
337 4411 416 4476 Quod
433 4428 517 4480 supra
534 4428 561 4478 p.
576 4415 625 4464 133
642 4410 744 4476 legitur
761 4414 906 4476 sanfflu'nem
924 4411 1062 4468 demittere,
1081 4407 1133 4458 hoc
1151 4400 1260 4472 quoque
1279 4421 1294 4457 e
1313 4405 1361 4457 Ca·

224 4499 290 4549 tone
314 4498 357 4549 est
385 4495 459 4563 apud
477 4494 661 4548 Charisiuml
683 4511 711 4561 p.
733 4499 765 4546 90
788 4492 858 4544 Keil.
899 4490 979 4559 Apud
1001 4489 1146 4542 lordonum
1172 4489 1246 4541 loeus
1270 4491 1362 4542 exstat

224 4586 251 4649 p:
271 4585 312 4634 or.

309 4664 382 4718 3Εο
401 4663 503 4717 duount
521 4664 640 4732 vestigia
657 4663 684 4716 in
703 4663 812 4716 Codice.
849 4660 949 4713 Maius:
974 4665 1081 4712 inclitus

309 4755 327 4800 3
343 4750 513 4802 Praenomen
531 4747 639 4801 videtur
657 4747 684 4800 in
704 4746 805 4800 Codice
823 4746 895 4799 addi.

310 4841 324 4888 7
344 4833 448 4886 Codex:
468 4838 616 4901 eripriitione.
