3300 5950
291 810 404 858 xxvm
646 850 650 857 ,
721 790 1001 844 racanaonnsa.
1045 863 1048 867 ⁴

292 986 348 1028 cue
362 964 501 1046 indicat,
526 962 608 1026 sein
623 963 801 1045 postermn‚
827 959 939 1024 relicta
953 960 1124 1044 rhetorica,
1149 961 1282 1024 Rustico
1298 964 1427 1025 auctore

290 1069 327 1129 ut
348 1066 482 1147 videtur,
507 1065 619 1127 studiis
641 1062 870 1146 philosophicis
893 1085 1005 1126 vacare
1027 1064 1117 1127 velle.

374 1166 496 1230 Multae
519 1165 671 1249 epistolae
694 1166 780 1247 sunt,
803 1165 960 1247 imprimis
982 1165 1018 1227 in
1041 1166 1162 1228 duobus
1178 1166 1268 1229 libris
1283 1166 1324 1228 ad
1339 1167 1428 1229 Ami*

291 1292 355 1352 cos,
378 1291 466 1352 quas,
491 1267 619 1351 quando
634 1267 727 1329 datae
743 1266 819 1348 sint,
845 1266 977 1329 definire
999 1289 1065 1330 non
1087 1268 1188 1350 potui,
1212 1268 1267 1330 sed
1288 1267 1426 1352 reliquas

289 1393 410 1452 omnes,
434 1371 469 1433 in
484 1370 598 1452 quibus
613 1373 794 1450 temporum
808 1369 902 1430 notas
921 1367 1001 1430 mihi
1023 1367 1161 1450 reperire
1185 1370 1331 1453 contigit,
1354 1372 1428 1453 post

290 1493 453 1535 excessum
468 1470 628 1534 Antonini
650 1469 711 1551 Pii,
735 1469 825 1532 Divis
847 1470 1001 1533 fratribus
1023 1470 1275 1553 imperantibus„
1291 1471 1427 1554 scriptas

290 1596 358 1636 esse
391 1573 491 1636 video,
536 1573 633 1635 Anno
663 1570 725 1633 161⁴
744 1569 864 1634 Fronto
891 1574 1043 1653 quattuor
1064 1594 1189 1634 menses
1211 1557 1322 1635 Roma·
1341 1574 1427 1636 afue-

291 1678 342 1738 rat
364 1696 463 1757 eoque
485 1673 580 1736 rediit
602 1695 630 1735 a.
653 1674 683 1735 d.
706 1671 737 1735 V
758 1671 831 1735 Kal.
853 1672 968 1755 April,
991 1674 1104 1756 paucis
1127 1673 1236 1736 diebus
1258 1677 1428 1757 postquam

95 1787 180 1826 „aar
218 1786 222 1801 “
289 1775 366 1839 Pius
389 1776 472 1838 diem
494 1775 590 1857 obiit,
610 1776 674 1857 ¹qui
696 1774 768 1837 dies
789 1774 854 1837 fuit
875 1774 957 1856 prid.
980 1774 1037 1866 Id
1052 1774 1149 1838 Mart.
1194 1774 1295 1838 Venit
1315 1776 1350 1838 in
1372 1799 1427 1859 pa-

288 1877 403 1940 latium
425 1876 464 1939 ad
485 1876 602 1939 fratres
629 1877 791 1958 visendos,
821 1876 877 1939 sed
898 1874 1002 1938 Verus
1030 1876 1114 1940 forte
1142 1878 1262 1940 aberat.
1307 1876 1427 1941 Hicin

290 1977 424 2062 epistola
445 1978 472 2060 1,
496 1979 515 2041 3
545 2000 639 2060 aegre
661 1979 739 2060 fert,
769 1978 854 2060 quod
881 1978 1072 2061 magistrum
1099 1982 1172 2061 post
1199 1982 1327 2042 tantum
1348 1981 1427 2042 tem-

288 2081 374 2164 poris
398 2080 538 2164 spatium
558 2101 625 2142 non
648 2079 777 2161 viderit3
805 2080 977 2161 respondet
1003 2079 1124 2143 Fronto
1149 2064 1330 2162 et'culpam
1353 2102 1371 2142 a
1393 2102 1427 2143 se

290 2185 415 2246 amovet
435 2183 471 2245 in
494 2182 586 2265 epist.
609 2181 635 2262 1,
659 2179 690 2244 4.
717 2180 917 2244 ¹Dolendum
943 2184 991 2243 cst
1018 2181 1150 2264 periisse
1173 2171 1256 2265 quod
1277 2182 1313 2245 in
1335 2204 1427 2245 excu-

289 2284 413 2348 satione
434 2284 642 2367 praecipuum
664 2282 772 2347 fuerit.
813 2282 875 2347 Sed
896 2283 1121 2366 imperatores,
1147 2306 1219 2347 cum
1240 2283 1301 2346 sibi
1322 2283 1358 2346 in
1381 2306 1427 2347 se-

288 2388 367 2449 natu
390 2407 484 2467 saepe
506 2385 603 2448 verba
625 2384 772 2447 facienda
795 2386 917 2466 essent,
947 2385 1111 2448 redierunt
1133 2386 1173 2448 ad
1195 2385 1300 2448 studia
1322 2385 1427 2449 rheto-

288 2488 371 2569 rica,
401 2508 481 2569 quae
504 2485 631 2549 Marcus
659 2508 717 2568 per
743 2485 860 2549 multos
890 2508 992 2549 annos
1018 2486 1083 2549 iam
1109 2487 1205 2569 plane
1234 2487 1425 2570 deseruerat,

288 2588 404 2652 Lucius
437 2590 543 2651 autem
569 2588 616 2651 ita
645 2587 800 2669 coluerat,
837 2590 874 2650 ut
905 2609 972 2674 non
1005 2589 1083 2652 adeo
1115 2588 1286 2652 haberetur
1316 2589 1428 2652 melior

228 2704 231 2710 ’
289 2693 396 2753 orator
418 2704 521 2773 quam·
540 2691 651 2772 poeta,
686 2690 740 2752 sed
762 2688 852 2771 peior
877 2693 973 2772 poeta
1000 2713 1096 2773 quam
1123 2690 1241 2754 rhetor.
1287 2690 1424 2774 Marcus,

289 2792 344 2875 qui
365 2791 560 2855 Frontonem
584 2791 720 2873 amabat,
746 2790 898 2853 continuo
918 2791 1078 2855 intellexit
1099 2815 1133 2855 se
1155 2792 1203 2854 uti
1225 2791 1339 2855 debere
1360 2815 1426 2856 ma-

290 2893 384 2979 gistri
408 2892 564 2975 0011111111,
597 2892 684 2955 cuius
707 2892 834 2955 dicendi
856 2913 959 2976 genus
981 2893 1042 2957 etsi
1063 2894 1131 2977 ipse
1152 2893 1289 2956 fortasse
1310 2894 1427 2978 impro-

289 2996 396 3078 101111,
425 2995 518 3058 unice
541 2997 647 3058 tamen
671 2995 820 3078 placebat
843 2995 1053 3058 senatoribus
1099 2995 1143 3058 Et
1164 3016 1330 3078 possumus
1352 3018 1427 3080 quo-

290 3097 456 3160 dammodo
486 3097 654 3160 aestimare
688 3096 858 3160 mirificam
884 3096 971 3159 illius
984 3094 986 3099 ’
999 3097 1114 3160 1111111
1142 3096 1337 3160 senatoriam
1364 3098 1426 3162 elo-

289 3199 462 3281 quentiam,
486 3197 569 3261 lecto
591 3200 720 3273 senatus
742 3197 860 3261 iudicio
882 3199 921 3260 de
944 3195 1115 3262 Commodo
1137 3198 1318 3280 1111111010,
1342 3200 1426 3281 quod

289 3299 428 3363 servavit
441 3298 656 3382 Lampridius:
679 3299 774 3362 facile
791 3299 956 3380 credimus,
978 3321 1075 3381 quum
1090 3298 1186 3381 vulgo
1201 3300 1247 3362 ita
1261 3299 1426 3382 loqueren-

138 3458 140 3461 ,
288 3403 351 3483 tur,
374 3400 570 3464 Frontonem
590 3401 732 3464 tenuisse
753 3400 933 3483 prinoipem
954 3399 989 3462 in
1012 3400 1145 3462 dicendo
1166 3399 1281 3464 locum.
1311 3400 1347 3464 L.
1364 3400 1426 3465 Ve-

289 3525 343 3565 rus
366 3505 487 3584 autem,
518 3503 571 3585 qui
598 3503 633 3566 in
655 3502 705 3565 his
728 3495 841 3565 studiis
864 3504 896 3565 et
917 3502 986 3584 ipse
1009 3501 1128 3584 aliquid
1150 3502 1256 3566 videre
1278 3525 1312 3566 se
1333 3506 1425 3586 puta-

289 3604 356 3686 bat,
381 3627 418 3667 ea
441 3605 627 3688 arrogantia
648 3626 735 3687 usus,
759 3625 965 3687 quamsaepe
983 3603 1218 3667 animadvertas
1240 3605 1275 3667 in
1297 3605 1347 3687 iis,
1372 3606 1426 3688 qui

289 3728 403 3789 parum
424 3707 630 3789 profecerunt
655 3706 691 3768 in
713 3727 910 3788 quacumque
933 3704 1001 3769 arte
1024 3727 1057 3769 se
1080 3705 1295 3788 exercuerint,
1318 3707 1427 3769 nescio

290 3807 365 3890 quid
386 3807 422 3869 in
443 3806 604 3871 Frontone
628 3805 876 3890 reprehenderat
898 3809 930 3869 11
952 3808 1107 3889 quaedam
1129 3809 1297 3870 monuerat
1319 3807 1357 3870 de
1372 3829 1428 3892 op-

288 3908 368 3971 timo
390 3930 506 3992 genere
529 3908 665 3971 dicendi.
709 3906 896 3990 Respondet
917 3907 1053 3991 Front0‚
1084 3908 1134 3973 cui
1161 3930 1219 3971 sua
1246 3908 1339 3971 unice
1360 3908 1428 3993 pla·

291 4010 417 4091 cebant,
443 4010 559 4091 animo,
583 4011 620 4071 ut
635 4009 764 4092 opinor,
788 4008 940 4092 subirato,
964 4014 998 4074 in
1015 4009 1150 4092 epistola
1165 4011 1205 4072 ad
1220 4008 1381 4092 Venami,
1398 4012 1425 4074 l.

290 4111 364 4194 „Sit
386 4111 469 4195 quod
490 4111 543 4174 ille
565 4110 668 4192 iubet,
697 4113 820 4173 rectum
847 4111 983 4174 fortasse
1011 4112 1067 4174 sed
1094 4133 1199 4174 serum
1222 4112 1287 4173 est:
1324 4134 1427 4194 neque

172 4271 175 4277 .
290 4213 376 4277 enim
398 4212 504 4276 omnia
526 4234 607 4295 quae
629 4211 710 4275 ratio
732 4211 890 4294 postulat,
914 4213 1011 4275 etiam
1033 4214 1121 4276 aetas
1142 4210 1295 4274 tolerat.“
1339 4211 1428 4275 Ami·

291 4314 366 4377 citia
389 4317 498 4377 tamen
519 4313 643 4377 mansit.
660 4312 839 4376 incolumis,

374 4415 508 4478 Interim
530 4414 659 4478 Marcus
680 4414 804 4499 legerat
827 4417 859 4478 et
880 4415 1039 4498 relegerat
1060 4414 1232 4477 Frontonis
1255 4416 1425 4500 orationes,

290 4538 369 4598 quas
396 4516 587 4580 meminerat
619 4539 652 4580 se
682 4515 916 4580 adolescentem
944 4538 1016 4580 cum
1038 4515 1247 4580 admiratione
1276 4520 1309 4580 11
1340 4518 1428 4581 volu·
1546 4533 1549 4538 ·

290 4619 379 4699 ptate
400 4617 572 4700 audivisse,
596 4617 681 4681 inter
704 4639 782 4701 quas
805 4621 838 4681 et
858 4618 915 4681 illa
930 4621 1014 4701 erat,
1038 4640 1134 4701 quam
1149 4616 1225 4680 olim
1246 4618 1281 4681 in
1305 4618 1427 4683 caelum

291 4717 448 4781 extulerat
480 4720 519 4782 de
552 4717 602 4781 Pii
635 4717 797 4783 laudibus:
834 4719 953 4806 Fronto
984 4719 1105 4803 gratias
1139 4719 1208 4803 agit
1235 4720 1274 4782 ad
1303 4719 1425 4782 Anton.

289 4817 371 4904 Imp.
399 4817 442 4901 ll,
471 4818 502 4882 2.
547 4819 669 4882 Eodem
698 4840 783 4882 anno
813 4819 888 4902 161,
917 4841 979 4904 quo
1006 4819 1051 4884 M.
1080 4820 1230 4884 Aurelius
1257 4819 1427 4902 imperium
