3300 5950
482 771 531 824 AD
550 771 585 824 Μ.
605 770 826 825 ANTONINUM
843 771 891 824 DE
909 769 1147 835 ELOQUENTIA.
1331 773 1392 840 149

334 944 516 1025 Εὔφραναε,
542 943 800 1024 ὑπερεύφραναε)
826 944 926 1009 culeo
948 943 1029 1021 noe.
1072 955 1074 958 ’

333 1044 422 1119 Quod
450 1043 561 1107 librari
588 1066 686 1106 manu
716 1042 855 1126 epistula
877 1043 1083 1129 scribta-est,
1113 1070 1132 1109 a
1160 1047 1269 1113 labore
1297 1051 1414 1133 gravi

248 1148 359 1231 digitis
383 1145 527 1210 consului
550 1144 602 1228 qui
626 1147 702 1208 sunt
723 1144 787 1208 iam
809 1143 845 1207 in
867 1146 1058 1229 suspicione.
1144 1214 1146 1217 ,

482 1383 555 1447 ni.
599 1381 780 1449 Antonino
803 1346 966 1465 Angusto
987 1383 1154 1450 rrnntnr.

332 1537 414 1612 Quid
439 1587 445 1599 .
473 1586 479 1599 .
504 1539 749 1621 scruteturque
773 1586 780 1600 .
805 1587 812 1600 .
839 1554 990 1620 propera.
1035 1536 1147 1621 Neque
1178 1539 1305 1603 balbam
1327 1543 1389 1605 vir-

246 1641 366 1724 ginem,
390 1661 471 1728 quae
493 1638 624 1702 vestalis
647 1638 706 1716 sit,
730 1639 799 1721 oapi
823 1639 874 1701 fas
897 1641 955 1720 est,
980 1660 1083 1722 neque
1106 1639 1289 1705 sirbenam3
1313 1692 1320 1706 .
1346 1693 1353 1706 .
1380 1694 1386 1706 .

248 1790 522 1805 .........
568 1740 676 1804 Verba
704 1740 742 1803 de
764 1740 1018 1803 balbutientibus
1040 1742 1190 1823 ponenda
1211 1744 1322 1806 varie⁴
1347 1795 1353 1808 .
1380 1796 1387 1808 .

246 1843 352 1905 minus
369 1892 376 1904 .
396 1892 403 1905 .
420 1842 684 1906 balbuttientium
704 1842 825 1905 vilium⁵
848 1840 898 1903 liis
912 1841 1014 1904 ferme
1029 1827 1134 1905 verbis
1150 1843 1388 1927 significatum:

246 1966 305 2007 vox
327 1943 493 2027 impedita,
516 1964 578 2006 vox
600 1943 720 2025 vincta,
743 1963 804 2005 vox
827 1941 979 2024 difficilis,
1006 1963 1067 2005 vox
1084 1943 1223 2032 [frasta],
1248 1967 1308 2008 vox
1330 1947 1388 2010 im-

246 2045 398 2127 perfecta,
422 2066 482 2108 vox
505 2044 636 2107 absona.
668 2042 729 2106 His
746 2043 908 2107 contraria
930 2045 1097 2127 quaerenti
1120 2045 1180 2110 tibi
1203 2047 1388 2112 subvenisse

247 2149 369 2210 certum
390 2146 509 2209 habeo:
545 2166 607 2208 vox
630 2145 792 2228 expedita,
822 2167 883 2209 vox
906 2145 1068 2229 absoluta,
1098 2169 1158 2210 vox
1180 2148 1303 2232 facilis,
1327 2172 1388 2213 vox

247 2246 425 2335 [perfecta]‚
449 2268 508 2311 vox
534 2244 716 2333 [amabilisl.
761 2245 831 2309 Tua
853 2268 913 2310 vox
930 2296 964 2311 ..
987 2268 1060 2311 vere
1084 2297 1091 2311 .
1118 2298 1124 2311 .
1151 2298 1158 2311 .
1182 2272 1249 2313 non
1273 2299 1280 2314 .
1306 2300 1313 2314 .
1337 2252 1388 2315 his

245 2350 393 2412 omnibus
418 2398 425 2411 .
451 2398 458 2412 .
485 2398 491 2411 .
516 2347 683 2432 percensio
712 2347 754 2410 sit
778 2395 1286 2415 ................
1299 2380 1320 2416 =.
1345 2354 1388 2435 ‚{⁶

245 2450 342 2514 Vocis
369 2449 550 2513 modulatae
573 2439 731 2512 amatores
759 2449 880 2532 primas
903 2449 1029 2513 audisse
1051 2451 1200 2515 feruntur
1223 2475 1297 2516 aves
1319 2476 1387 2517 ver-

244 2574 303 2615 nas
325 2551 396 2615 lueo
419 2572 529 2635 opaco.
574 2550 652 2613 Post
673 2553 818 2633 pastores
841 2572 952 2614 reeens
981 2539 1124 2635 repertis*
1138 2553 1254 2616 fistulis
1277 2577 1310 2618 se
1334 2556 1386 2618 ad·

244 2677 304 2738 que
326 2675 423 2737 pecus
446 2652 662 2717 oblectabant.
708 2651 805 2716 Visae
828 2652 954 2716 fistulae
974 2653 1090 2738 longe⁷
1113 2654 1223 2718 tribus
1245 2656 1385 2719 modula-

243 2756 340 2819 tiores
365 2804 372 2818 .
398 2805 404 2818 .
433 2754 703 2818 murmurantium
732 2753 885 2838 lssvooulis
912 2754 953 2839 in,
975 2754 1052 2839 luco
1076 2757 1274 2839 eloquentiae
1302 2758 1385 2821 oble-

235 2860 383 2922 utantur.

301 2958 470 3032 ,Ennium
497 2957 612 3021 deinde
641 2959 674 3021 et
696 2956 832 3020 Aoeium
860 2960 893 3022 et
914 2957 1117 3023 Lueretiuml
1146 2959 1299 3041 ampliore
1321 2962 1385 3025 iam

243 3063 370 3145 mugitu
391 3058 596 3144 personantis
619 3061 728 3122 tamen
750 3058 902 3123 tolerant.

328 3162 374 3224 At
401 3161 456 3224 ubi
485 3159 617 3223 Catonis
645 3163 678 3223 et
706 3158 850 3223 Sallustii
878 3162 911 3223 et
932 3160 1018 3223 Tulli
1044 3161 1137 3224 tuba.
1151 3162 1301 3225 exaudita
1324 3157 1397 3244 ests

243 3262 407 3346 trepidant
428 3265 461 3325 et
482 3263 601 3344 pavent
629 3263 662 3324 et
682 3261 794 3344 fugam
815 3260 936 3325 frustm
960 3262 1168 3326 meditantur.
1212 3263 1296 3327 Nam
1318 3265 1385 3329 illie

243 3363 423 3448 quoquepin
446 3361 883 3446 philosophiaediseiplinis,
910 3363 965 3426 ubi
987 3365 1093 3428 tutum
1115 3364 1176 3428 sibi
1199 3366 1384 3451 perfugium

242 3468 373 3551 putant,
398 3464 542 3527 Platonis
564 3461 756 3551 fone[mat]a
779 3467 874 3532 erunt
896 3464 1064 3528 audienda.

326 3722 343 3758 a
361 3669 395 3756 Ia
412 3707 539 3771 marpine:
557 3698 663 3766 Quibus
681 3699 823 3754 vocabulis
841 3699 1017 3769 appellentur
1034 3700 1147 3756 sirbeni.

327 3895 339 3942 1
359 3889 403 3941 Ita
420 3887 519 3942 Maius.
544 3885 655 3940 Amicus
668 3902 683 3939 e
696 3885 796 3940 Codice
815 3887 884 3941 nihil
902 3887 1034 3954 enotavit,
1052 3887 1100 3941 sed
1118 3888 1194 3943 aliud
1212 3889 1279 3958 quid
1296 3891 1383 3945 latere

242 3974 420 4028 manifestum
439 3972 493 4037 est3
511 3989 536 4024 v.
556 3988 578 4025 o.
599 3971 778 4038 καθωείωμαί
795 3989 845 4026 (οι,
876 3973 942 4026 Mox
959 3988 1011 4042 pro
1028 3994 1101 4027 mana
1118 3991 1160 4043 pr.
1179 3992 1215 4028 m.
1235 3995 1339 4029 manum.

327 4065 342 4111 2
362 4053 513 4123 Sequentia
534 4054 685 4109 admodum
708 4056 827 4113 obscura
845 4057 910 4110 sunt
926 4061 1039 4126 praeter
1057 4057 1111 4111 duo
1129 4060 1221 4127 pn'ma
1237 4060 1381 4113 voeabula.

327 4149 342 4195 3
360 4140 436 4194 Haeo
453 4139 591 4194 sententia
609 4157 624 4194 e
642 4138 770 4208 margine
788 4142 839 4194 eat.
875 4141 917 4195 De
934 4158 1003 4196 voce
1020 4145 1136 4196 nirbenns
1158 4145 1191 4196 ef.
1211 4142 1281 4197 Gall.
1301 4144 1322 4199 I.
1342 4150 1381 4196 12.

325 4231 342 4278 4
360 4223 486 4292 Quinque
504 4224 574 4278 haee
591 4225 679 4278 verba
690 4223 719 4277 in
730 4224 858 4293 margine
872 4227 948 4293 sunt,
966 4242 1057 4293 neque
1075 4227 1144 4280 satis
1163 4228 1271 4280 constat
1289 4229 1382 4281 utrum

242 4312 296 4363 sint
319 4327 333 4364 e
351 4310 431 4362 textu
449 4307 600 4378 exscripta,
624 4325 661 4363 an
683 4308 776 4378 potius
798 4309 896 4363 sehoh'i
917 4327 994 4364 more
1017 4309 1127 4376 addita;
1154 4310 1203 4364 sed
1220 4310 1274 4365 hoe
1291 4313 1382 4380 magis

240 4395 350 4449 videtur
368 4394 404 4447 ob
422 4393 558 4448 variatam
577 4392 807 4463 orthographiam
824 4397 919 4448 balbuli
937 4411 989 4465 pro
1007 4399 1121 4449 balbutti.
1156 4400 1251 4452 Maius.

325 4485 340 4531 5
359 4477 479 4531 Tantum
497 4477 585 4531 estin
604 4476 703 4532 Oodioe
721 4477 850 4546 spatium.
882 4483 976 4533 Maus.

325 4570 341 4617 6
359 4561 489 4629 Sequitur
508 4560 574 4616 Ood.
592 4580 619 4630 p.
639 4569 697 4626 374,
716 4580 787 4631 quae
805 4562 912 4618 interiit
928 4563 1042 4633 praeter
1058 4581 1148 4634 pauca
1165 4566 1194 4618 in
1211 4569 1345 4637 margine.

325 4654 340 4702 *1
360 4646 465 4700 Codex:
489 4653 587 4716 lonpae.

324 4737 340 4786 8
358 4730 460 4798 Incipit
477 4730 542 4784 Cod.
562 4749 589 4801 p.
609 4737 667 4787 373.

324 4822 339 4870 9
357 4817 401 4869 Ita
419 4814 513 4870 Codex
531 4815 620 4871 amieo
639 4815 768 4872 exhibere
787 4817 860 4872 visus
879 4819 929 4886 est,
945 4819 1020 4875 Maio
1038 4825 1193 4876 Lucretium.
