3300 5950
262 797 324 862 132
475 797 511 852 M.
532 796 700 852 CORNELII
717 796 924 852 PRONTONIS
943 797 1198 853 EPISTULARUM

260 970 330 1031 tum
359 971 391 1031 ei
418 968 634 1032 adlocutiones
662 972 788 1032 nostras
818 969 858 1032 ad
885 970 1070 1034 exeroidum.
1116 970 1247 1033 Mittam
1282 970 1343 1034 tibi
1374 973 1406 1033 ei

219 1083 228 1092 “
260 1092 420 1133 sermones
443 1092 528 1133 meos
552 1092 623 1134 oum
646 1070 790 1134 barbaris
813 1070 953 1136 habitos,
984 1071 1123 1135 Multum
1145 1071 1225 1135 haec
1247 1072 1307 1135 tibi
1332 1094 1412 1140 con.

259 1172 374 1236 ferent.

344 1272 452 1337 Unam
473 1296 541 1338 rem
562 1274 643 1357 volo,
667 1296 733 1339 non
756 1275 884 1360 quidem
906 1276 1124 1360 demonstrare
1140 1275 1315 1359 discipulus
1338 1298 1404 1338 ma-

260 1374 371 1459 gisira
399 1377 483 1462 i¹sed
506 1376 750 1440 exisiimandam
773 1378 858 1441 dare.
905 1376 998 1442 Circa
1021 1400 1132 1442 causas
1156 1380 1189 1441 et
1211 1377 1306 1440 initia
1327 1376 1405 1440 belli

260 1477 314 1540 diu
337 1479 597 1561 commoraberis‚
628 1482 660 1541 ei
688 1479 785 1542 eiiam
814 1502 851 1542 ea
873 1502 954 1563 quae
975 1479 1069 1542 nobis
1092 1478 1298 1543 absentibus2
1320 1478 1405 1541 male

159 1619 164 1628 -
259 1582 352 1663 gesda
373 1584 459 1643 suni.
490 1580 594 1644 Tarde
617 1582 656 1643 ad
678 1582 789 1643 nostra
810 1581 930 1643 venies,
961 1580 1061 1645 Porro
1075 1582 1293 1644 necessarium
1314 1582 1403 1663 pute,

259 1685 379 1764 quanio
403 1686 478 1745 anie
499 1705 606 1746 meum
629 1682 801 1745 adventum
824 1683 1002 1765 superiores
1024 1681 1138 1745 Parthi
1159 1683 1299 1764 fuerint,
1325 1681 1405 1744 dilu-

260 1804 344 1866 cere,
375 1787 412 1848 ut
439 1787 595 1867 quantum
614 1798 675 1848 ‘nos
698 1785 858 1868 egerimus
881 1786 1046 1867 appareat.
1078 1784 1132 1847 An
1153 1784 1255 1868 igitur
1276 1784 1403 1866 debeas,

259 1886 415 1968 quomodo
447 1887 734 1966 πεντηκονταετίαν
765 1887 963 1965 Θουκυδίδης
991 1886 1179 1969 exprimis,
1213 1884 1270 1948 illa
1297 1885 1406 1948 omnia

260 1988 433 2071 corripere,
459 2010 500 2050 an
515 2009 589 2052 vero
611 1987 707 2070 paulo
723 1987 838 2052 altius4
859 1987 973 2069 dicere,
997 2008 1057 2049 nec
1071 1990 1180 2051 tamen
1196 1988 1252 2069 iia,
1276 1990 1313 2049 ui
1327 2008 1401 2049 mox

256 2092 383 2172 nostra,
408 2090 612 2172 dispendere,
636 2090 705 2172 ipse
728 2089 893 2171 disspicies
902 2090 923 2151 ⁵.

340 2190 380 2253 Iu
408 2212 532 2254 summa
558 2212 648 2255 meae
676 2212 726 2254 res
755 2194 866 2274 gessae
893 2194 1005 2253 ianuae
1034 2193 1126 2271 sunt,
1161 2193 1301 2273 quaniae
1329 2193 1406 2252 sunt

258 2293 391 2375 scilicet,
416 2292 672 2376 quoiquoimodi⁶
694 2294 785 2356 suni:
808 2294 1051 2356 iantaeautem
1073 2291 1278 2373 videbuntur,
1302 2313 1403 2374 quan-

259 2396 309 2457 tas
331 2397 367 2458 ’au
391 2416 443 2457 eas
461 2395 567 2458 videri
588 2393 686 2458 voles,

419 2620 422 2624 ,
499 2563 562 2629 IV.
592 2563 744 2629 Domino
766 2564 843 2629 Meo
866 2562 960 2629 Vero
982 2560 1158 2645 Augusto.

344 2699 543 2784 Quamquam
570 2722 620 2765 me
643 2700 716 2763 diu⁷
746 2722 817 2763 cum
843 2700 907 2762 ista
935 2699 1118 2763 valetudine
1146 2699 1253 2763 vivere
1275 2699 1403 2782 iampri-

258 2801 329 2864 dem
352 2802 463 2885 pigeai
484 2802 691 2886 taedeaaque,
721 2805 830 2864 tamen
858 2800 914 2863 ubi
940 2803 972 2863 te
1000 2804 1094 2863 tanda
1122 2799 1226 2884 gloria
1256 2822 1313 2883 per
1343 2801 1404 2863 vir-

257 2906 360 2966 tutem
388 2907 481 2987 parta
508 2904 658 2983 reducem
684 2904 808 2987 videro,
844 2924 948 2987 neque
975 2902 1137 2965 incassum
1164 2902 1274 2965 vixero
1301 2923 1404 2986 neque

257 3006 395 3090 invitm,
420 3007 596 3090 quandum8
617 3007 703 3070 vitae
725 3006 870 3088 dabiiur,
893 3006 1009 3068 vivam.
1054 3003 1136 3067 Vale
1164 3003 1301 3067 Domine
1325 3004 1404 3066 desi-

258 3107 491 3174 derantissime.
537 3107 670 3174 Socrum
692 3110 725 3172 et
746 3107 864 3172 liberos
886 3107 1028 3170 uestros9
1051 3105 1166 3168 saluta.

648 3278 689 3343 V.
722 3277 896 3358 diametro
917 3276 1005 3341 Meo.

342 3412 460 3488 Quidni
493 3434 553 3497 ego
578 3413 739 3504 'gaudium
771 3415 862 3476 tuum
889 3410 969 3474 mihi
997 3410 1320 3495 repraeseniaverim
1355 3411 1400 3472 mi

258 3516 412 3598 magisder
435 3514 621 3579 carissime?
649 3513 807 3597 Equidem
829 3513 936 3577 videre
957 3534 1008 3575 me
1019 3513 1054 3594 ¹⁰,
1080 3514 1112 3575 et
1128 3514 1197 3575 arte
1221 3511 1400 3594 complecti,

259 3619 291 3680 et
312 3617 448 3679 multum
471 3616 647 3681 exosculari
671 3615 785 3680 codidie
808 3615 916 3679 videor
936 3613 1017 3677 mihi
1038 3616 1107 3678 toto
1133 3665 1139 3677 .
1166 3665 1173 3677 .
1200 3663 1206 3676 .
1233 3663 1240 3676 .
1267 3627 1275 3675 .·
1299 3663 1306 3676 .
1333 3664 1339 3676 .

346 3926 358 3973 1
378 3920 478 3990 Inoipi'o
497 3920 562 3974 eod.
582 3939 609 3990 p.
629 3927 687 3976 435.

344 4013 359 4058 2
378 4006 444 4060 Cod.
463 4024 505 4075 pr.
525 4024 561 4059 m.
581 4027 597 4058 a
616 4010 686 4060 nobis
704 4026 721 4059 a
737 4012 835 4058 securim.

344 4099 358 4145 3
377 4091 420 4144 Ira
439 4090 544 4156 Codex3
562 4088 663 4144 Maius:
682 4095 809 4158 exposuit,

344 4175 422 4228 4An
440 4182 532 4229 Iulius?
568 4179 743 4241 Heindorfius.
840 4191 843 4198 '

345 4267 360 4313 5
379 4259 422 4311 [ta
441 4258 542 4322 Codex,
561 4258 610 4313 sed
627 4259 746 4312 alterum
765 4256 782 4310 S
801 4273 886 4326 supra
902 4256 948 4310 lin.

344 4350 359 4396 6
377 4344 450 4398 Man.
471 4360 529 4397 sec:
553 4348 741 4400 euoicuoimodi.
776 4342 864 4397 Paulo
883 4341 964 4396 aliter
981 4340 1080 4394 Maius

344 4434 358 4481 7
377 4427 568 4496 Expeoiabam
592 4433 684 4481 diucius
706 4427 751 4480 vel
773 4438 823 4480 lam
841 4432 894 4482 diu.
930 4426 1102 4492 Heindorfius.
1137 4424 1181 4477 An
1199 4432 1294 4480 medius
1308 4431 1404 4494 fidius?

344 4517 360 4565 8
379 4510 444 4565 Cod.
461 4531 502 4582 pr.
522 4530 557 4566 m.
577 4517 695 4566 reducem
715 4518 805 4565 vixero
822 4530 903 4580 neque
920 4515 1010 4582 invitus
1028 4521 1160 4578 quantum:
1184 4515 1277 4565 cetera
1292 4529 1345 4566 seo.
1366 4530 1403 4566 m.

259 4595 404 4664 supplevit.
559 4585 561 4588 ¹

344 4687 359 4733 9
377 4679 489 4734 Minime
508 4697 577 4751 opus
594 4683 637 4734 est
653 4680 819 4736 vocabulmn
837 4678 993 4746 intelligere
1006 4678 1040 4731 de
1057 4678 1195 4747 pluribus,
1214 4681 1246 4734 ut
1257 4681 1333 4735 recte
1345 4697 1403 4734 mo-

259 4766 307 4818 nci
324 4764 499 4819 Niebuhrius.
721 4761 724 4766 ’

328 4856 358 4901 10
377 4848 452 4902 Corr.
474 4861 505 4903 re.
543 4855 722 4918 Heindorfius.
